3216 5076
827 593 867 657 53

289 751 391 836 stirpe
406 755 625 838 pronominali
639 757 681 841 ki,
698 761 893 827 sanscritico
907 762 985 845 kim,
999 764 1086 831 unde
1099 751 1262 834 aeolicum
1276 764 1407 848 ὅττινοις

287 874 326 919 ex
347 853 416 934 *ὅσα
437 855 505 935 *οη
528 857 568 923 cf.
591 858 681 925 Curt.
705 866 777 927 446.

372 953 505 1034 ξέννος
526 959 633 1026 forma
655 963 784 1029 aeolica
802 964 1005 1050 provulgari
1028 964 1117 1045 ξένος
1139 970 1231 1054 origo
1253 971 1407 1039 habenda

286 1060 338 1121 est
369 1054 485 1137 §infor
518 1061 605 1143 quod
636 1063 758 1146 legitur
788 1065 822 1130 in
852 1067 1067 1151 inscriptione
1097 1069 1287 1158 Corcyraea,
1320 1075 1406 1140 unde

286 1158 410 1224 aeolice
425 1160 663 1227 assimilatione
679 1185 778 1247 quam
798 1168 912 1234 dicunt
934 1165 1047 1247 δέννος,
1070 1169 1176 1237 ionice
1189 1175 1406 1260 productione

286 1280 383 1337 quam
400 1261 516 1327 dicunt
535 1262 738 1346 suppletoria
760 1263 872 1345 ξεινός,
892 1271 1074 1350 vulgariter
1095 1268 1184 1351 ξένος
1205 1275 1329 1343 factum
1345 1282 1404 1343 est.

369 1361 513 1427 torano
534 1362 636 1445 XXII,
654 1370 691 1429 13
715 1366 839 1432 aeolice
860 1390 920 1453 pro
944 1372 1046 1448 ibana,
1069 1374 1161 1439 cuius
1182 1360 1275 1460 origo
1297 1378 1404 1444 adhuc

285 1462 437 1528 obscura.
517 1542 518 1545 Ἴ

363 1570 536 1651 copprea
557 1566 675 1647 XXIII,
699 1571 738 1633 26
760 1566 824 1652 pra
844 1578 969 1657 πέρυσι,
992 1575 1154 1642 sanserite
1175 1585 1288 1661 parut3
1317 1582 1405 1666 apud

286 1665 440 1731 Almeum
463 1666 501 1731 fr.
526 1673 566 1734 64
585 1669 711 1752 legitur
732 1675 883 1756 πέρρατα
903 1697 964 1759 pro
987 1678 1152 1763 πείρρατα
1173 1681 1309 1764 vulgari.

369 1760 472 1832 ὅκκα
496 1768 583 1851 quod
604 1790 665 1851 pro
688 1766 754 1836 ὅκοι
775 1772 897 1854 legitur
919 1776 943 1856 I,
967 1782 1017 1843 82.
1039 1778 1094 1859 IV,
1111 1783 1161 1844 21.
1179 1785 1228 1847 56.
1250 1783 1337 1861 VIII,
1355 1789 1403 1849 71.

282 1867 338 1949 XI,
361 1872 411 1934 20.
435 1874 484 1935 21.
522 1869 590 1952 XV,
622 1876 660 1936 13
698 1872 879 1939 Ahrensius
913 1875 946 1940 d.
980 1875 1010 1942 d.
1042 1900 1082 1944 ex
1114 1875 1224 1947 ὅκακοι
1255 1889 1405 1951 exortum

284 1991 358 2036 esse
381 1971 575 2037 arbitratur.

765 2131 917 2142 ᾖ..-

367 2263 553 2342 innuptarum
567 2241 636 2341 XX,
655 2265 713 2326 139
737 2282 757 2326 a
778 2263 866 2327 σεύω
889 2265 1000 2330 oscam
1023 2268 1262 2338 assimilatione
1281 2278 1403 2340 natum.

769 2455 921 2464 --.

369 2584 415 2656 ors
437 2587 498 2650 pro
525 2587 593 2655 σφε
621 2566 796 2665 exhibetur
816 2568 870 2647 IV,
894 2575 912 2634 3
942 2577 975 2636 et
1003 2593 1023 2636 a
1050 2573 1276 2666 grammaticis
1300 2574 1404 2642 Sicili-

286 2689 361 2733 cum
381 2673 527 2734 vocatur.

741 2894 944 2909 Ἥ

573 3126 590 3211 5
613 3130 642 3190 4.
686 3126 736 3194 De
759 3130 933 3194 nominum
955 3128 1113 3196 llexione.

370 3295 452 3361 Cum
482 3294 677 3362 Theocritus
707 3296 835 3362 ratione
868 3296 1033 3362 nominum
1069 3295 1305 3365 flectendorum
1340 3320 1405 3364 non

284 3389 380 3462 valde
402 3419 423 3461 a
444 3397 571 3462 ratione
583 3395 712 3480 vulgari
734 3395 874 3479 differat,
896 3403 1001 3464 totam
1022 3419 1092 3464 rem
1114 3400 1322 3481 perscribere
1340 3421 1405 3465 non

285 3497 509 3563 necessarium
531 3498 672 3582 videtur,
704 3498 882 3583 praecipue
906 3522 980 3565 cnm
1011 3502 1172 3565 maximae
1198 3520 1252 3566 res
1285 3499 1404 3583 quibus

284 3603 384 3685 poeta
406 3597 633 3684 Syracusanus
662 3597 820 3680 elingua
847 3600 975 3682 vulgari
1003 3603 1178 3686 discrepat,
1206 3599 1264 3665 ubi
1287 3600 1327 3666 de
1349 3621 1404 3666 vo·

281 3701 413 3769 calibus
442 3707 474 3766 et
500 3697 758 3766 consonantibus
790 3699 915 3788 dictum
946 3707 1005 3783 est,
1033 3702 1104 3786 jam
1135 3706 1298 3767 tractatae
1330 3701 1404 3766 sint.

284 3802 447 3868 Nonnulla
469 3802 570 3885 igitur
591 3807 625 3866 et
648 3800 787 3883 singula,
815 3822 899 3884 quae
922 3803 956 3867 in
979 3803 1179 3891 carminibus
1202 3800 1404 3868 Theocriteis

285 3924 363 3968 rara
393 3907 493 3984 atque
522 3904 564 3967 ab
592 3924 656 3968 usu
684 3901 813 3983 vulgari
845 3903 1069 3987 discrepantia
1102 3902 1311 3987 reperiuntur
1341 3901 1404 3967 hoc

285 4003 358 4068 loco
381 4003 732 4069 commemorabuntur.

748 4176 948 4186 Ἥ
