3216 5076
754 595 794 657 58

211 758 327 841 XVHI,
350 764 400 825 23.
440 757 597 848 Ἑρμείαο
624 762 709 842 XIX,
734 767 809 842 1153
847 782 885 826 as
915 762 950 826 in
976 766 1000 826 α
1029 766 1237 827 contractum
1266 762 1334 828 his:

214 858 400 947 Θεοχαρίὸα
420 862 461 944 11,
477 870 517 930 69
540 869 573 929 et
588 864 729 949 saepius.
773 862 908 930 Μενέλα
931 883 951 927 a
971 864 1171 930 nominativo
1187 864 1336 939 Μενέλας

212 984 251 1028 ex
272 961 440 1038 Μενέλαος
469 968 649 1030 contracto.
696 964 868 1030 Rationem
897 965 1050 1048 stirpium
1076 964 1336 1031 masculinarum

213 1066 306 1149 sequi
335 1063 467 1129 ridetur
494 1068 664 1147 genetivus
685 1065 775 1132 vocis
794 1066 909 1153 Ἱμέρα,
941 1089 1025 1152 qnae
1047 1068 1100 1135 bis
1126 1087 1187 1150 pro
1211 1066 1335 1152 Ἱμέρας

210 1166 341 1249 legitur,
363 1166 402 1245 V,
416 1171 486 1231 124.
499 1167 569 1248 VII,
580 1173 635 1247 743
657 1162 751 1233 cuius
767 1168 890 1251 speciei
913 1190 990 1233 num
1009 1168 1076 1235 alia
1098 1169 1166 1233 sint
1185 1168 1335 1255 exempla

213 1267 383 1351 hucusque
405 1290 470 1334 non
494 1271 576 1335 satis
599 1274 740 1336 constat.

298 1371 418 1437 Forma
440 1370 550 1438 ionica
571 1374 675 1437 αἶΐτοοο
698 1372 769 1453 XII,
793 1376 833 1436 20
856 1371 1037 1438 exhibetur.

296 1475 335 1540 In
356 1473 506 1558 genetivo
531 1473 709 1555 singularis
724 1473 887 1540 flectendo
904 1474 1024 1557 stirpes
1046 1473 1080 1538 in
1102 1495 1121 1534 ο
1143 1471 1272 1537 vocales
1293 1472 1336 1537 ah

212 1576 349 1660 reliquis
380 1574 542 1659 stirpibus
573 1575 725 1642 omnihus
754 1576 918 1658 differunt,
947 1596 1053 1660 neque
1084 1573 1171 1641 enim
1192 1596 1245 1648 -ος
1268 1572 1336 1663 (as)

213 1678 309 1761 stirpi
341 1678 431 1744 vocis
469 1676 624 1759 affigitur,
668 1677 727 1743 sed
761 1700 808 1741 -ιο
845 1677 934 1762 qnod
965 1699 1004 1743 ex
1035 1678 1111 1763 -sja,
1151 1675 1279 1742 Graece
1315 1700 1337 1741 ο

215 1779 339 1845 amisso
359 1772 510 1844 exortum
538 1800 611 1846 esse
637 1779 858 1847 manifestum.
901 1778 1057 1844 Eiusdem
1081 1777 1218 1861 originis
1241 1797 1336 1860 gene·

211 1881 299 1946 tirus
321 1881 474 1965 stirpium
496 1882 530 1946 in
551 1905 575 1946 α
596 1883 694 1949 breve
716 1882 880 1948 vocalium
902 1881 937 1945 in
957 1880 1071 1962 lingua
1086 1877 1257 1945 Sanscrita
1276 1883 1337 1960 est,

212 1983 261 2047 ita
293 1987 331 2048 ut
366 1982 523 2066 vilra-eja,
560 1982 688 2050 Graeco
723 1985 913 2070 λοκο-(σ)ιο
949 2001 1086 2067 prorsus
1127 1981 1336 2066 respondeat.

213 2083 332 2150 Forma
365 2091 474 2149 autem
504 2085 617 2167 lingna
651 2085 799 2152 Graecae
830 2084 1063 2170 antiquissima
1093 2084 1127 2149 in
1164 2106 1211 2147 -ιο
1246 2088 1336 2148 recte

213 2184 365 2267 hahetur,
387 2207 483 2271 quem
505 2186 701 2255 Theocritus
725 2189 874 2272 sexagies
897 2193 1015 2272 quater
1037 2184 1218 2267 usurparit.

300 2287 350 2352 Ex
369 2308 436 2373 qua
458 2289 568 2373 specie
581 2291 814 2374 antiquissima
832 2291 901 2376 jam
922 2296 1068 2373 tempore
1091 2285 1337 2352 antehomerica

214 2410 254 2454 ex
276 2390 424 2472 genetivo
446 2392 573 2456 λοαο-ιο
595 2392 740 2457 relisum
763 2399 823 2473 est,
846 2397 883 2457 ut
903 2393 1045 2475 primum
1068 2382 1200 2472 quidem
1222 2389 1337 2451 inno-o

214 2489 407 2556 exoriretur.
451 2492 542 2571 Quae
565 2493 697 2578 quidem
720 2493 828 2558 forma
849 2493 884 2557 in
905 2493 1017 2575 lingua
1032 2490 1160 2556 Graeca
1173 2508 1337 2573 nusquam

215 2593 342 2675 scripta
378 2594 412 2657 in
449 2595 651 2662 carminibus
686 2594 872 2660 Homericis
908 2614 1023 2659 versus
1066 2611 1168 2657 causa
1205 2590 1337 2674 saepius

212 2693 393 2759 statuenda
423 2700 484 2759 est.
527 2694 576 2761 De
609 2717 675 2779 qua
697 2717 733 2761 re
762 2697 802 2761 ct.
826 2697 980 2763 Ahrensii
1011 2698 1182 2778 grammat.
1205 2692 1337 2757 Homer.

190 2816 267 2878 ·pg.
299 2799 337 2859 15
365 2795 547 2861 Immanuel
575 2797 704 2862 Beklrer
733 2799 767 2862 in
796 2798 940 2864 editione
972 2801 1162 2882 poematum
1189 2793 1339 2860 Homeri-

215 2915 328 2962 corum
358 2897 503 2962 secunda
530 2896 617 2962 hanc
645 2900 786 2980 genetivi
808 2900 851 2964 in
878 2922 931 2963 o·o
959 2899 1100 2984 speciem
1124 2895 1282 2960 siminus
1305 2893 1339 2958 in

213 3003 341 3063 textum
362 2999 498 3082 recepit,
520 3004 668 3066 attamen
690 3000 849 3085 scriptam
871 3020 945 3065 esse
966 3001 1044 3083 vult,
1070 3004 1109 3064 ut
1131 2991 1169 3060 ὅο
1190 2996 1283 3070 κλέος
1304 2994 1338 3059 il.

213 3100 254 3180 ΙΙ,
285 3105 356 3166 325.
390 3098 516 3165 Αἰόλου
541 3101 767 3187 μεγαλήτορος
797 3101 848 3166 ad.
878 3099 917 3179 X,
941 3107 990 3166 36.
1027 3101 1128 3181 ὃλμοο
1158 3102 1260 3186 φῆμις
1287 3097 1337 3162 ed.

213 3201 299 3283 XIV,
320 3205 392 3267 239.
421 3204 561 3291 ολαεψιόο
584 3209 761 3284 κταμένοιο
783 3203 817 3267 il.
839 3202 907 3285 XV,
931 3207 1006 3282 554;
1033 3202 1130 3285 plena
1153 3198 1239 3283 apud
1263 3199 1338 3264 Leo.

214 3301 344 3388 Meyer,
376 3302 417 3366 de
446 3304 563 3369 deolin.
592 3304 721 3370 Graeca
749 3311 782 3369 et
803 3304 922 3370 Latina
952 3324 1004 3387 pg.
1026 3309 1076 3368 27.
1119 3302 1201 3367 Inde
1224 3300 1339 3366 dorica

215 3404 377 3469 dialectus
408 3426 445 3467 οο
471 3404 506 3469 in
535 3427 570 3485 n,
604 3411 643 3469 nt
672 3405 745 3470 fieri
767 3404 859 3486 solet,
889 3406 1068 3472 contractis
1096 3405 1283 3486 genetivum
1304 3402 1339 3466 in

216 3529 242 3569 ω
265 3505 435 3587 flexerunt,
459 3527 559 3590 quam
579 3505 718 3570 formam
733 3506 928 3574 Theocritus
950 3528 1080 3592 quoque
1096 3506 1228 3588 saepius
1243 3524 1338 3569 usur-

214 3606 314 3691 parit.
336 3606 417 3672 Loci
439 3606 567 3688 Singuli
584 3607 655 3691 jam
678 3629 780 3693 supra
802 3632 854 3693 pg.
878 3615 918 3676 38
941 3609 1123 3677 enumerati
1146 3611 1232 3672 sunt.

299 3707 427 3790 Lingua
449 3712 560 3773 autem
574 3709 721 3791 vulgaris
743 3733 796 3774 ο-ο
817 3712 901 3777 illud
923 3712 957 3776 in
980 3731 1020 3774 οα
1043 3708 1216 3788 contraxit
1239 3725 1338 3792 quam

214 3808 354 3874 formam
382 3831 423 3874 ne
450 3809 647 3876 Theocritus
674 3810 808 3894 quidem
834 3812 994 3895 neglexit3
1030 3810 1097 3877 loci
1124 3809 1247 3893 singuli
1269 3809 1339 3896 J'am

215 3930 318 3997 supra
340 3930 392 3995 pg.
415 3914 455 3974 39
478 3913 661 3978 enumerati
684 3916 769 3978 sunt.
