3216 5076
817 563 858 624 38

359 734 394 819 4)
421 752 445 794 υ
467 734 508 796 et
530 753 549 793 ο
577 747 821 812 nonnumquam
842 748 907 794 non
931 727 1181 807 contrahuntur,
1203 730 1241 791 ut
1261 725 1402 806 ιιομώον-

275 856 337 908 τοις
366 832 451 913 XVI,
473 837 524 896 46.
563 830 693 909 ὲθώκοιο
722 831 795 912 VII,
823 836 872 895 50.
902 829 1021 911 XXIII,
1051 834 1099 894 18.
1135 828 1354 894 Λυκαονίδυο
1375 829 1400 897 Is

277 939 348 1001 111.
370 933 484 997 Αἴὸοιο
505 933 547 1014 II,
572 938 643 998 159.
665 933 734 1014 XV,
758 938 809 998 30.
833 929 1001 1018 Εὐρώταο
1022 931 1108 1013 XIX,
1133 936 1207 1008 1353
1230 938 1402 999 eontracta

274 1037 429 1119 leguntur
465 1040 523 1101 aut
557 1034 728 1118 vulgarem
763 1035 798 1098 in
828 1036 963 1100 modum
994 1035 1029 1099 in
1063 1056 1089 1097 ω
1122 1055 1219 1118 quem
1249 1053 1290 1098 ne
1311 1031 1402 1096 tituli

276 1137 410 1221 quidem
432 1142 606 1203 sutoresve
630 1136 735 1201 dorici
764 1137 949 1221 neglexisse
971 1136 1050 1200 Ahr.
1074 1136 1159 1203 (1.6.
1185 1140 1244 1200 189
1268 1134 1402 1200 demon·

277 1244 371 1305 strat.
413 1239 530 1323 Itaque
552 1227 650 1302 οἷῶῖι
663 1237 700 1304 11
714 1227 795 1304 effi
815 1244 853 1304 ut
874 1243 1011 1320 σιγῶντι
1033 1237 1075 1319 Π,
1091 1241 1140 1303 33.
1162 1237 1262 1301 λῶντι
1283 1235 1339 1317 IV,
1353 1239 1401 1300 14.

275 1342 396 1408 πιὸωσι
427 1340 547 1424 (forma
567 1341 730 1429 vulgaris)
751 1341 838 1422 VIII,
861 1346 917 1420 453
951 1327 1033 1405 ἀωτ
1055 1338 1093 1404 11
1114 1327 1190 1415 οἶνῖ,
1223 1345 1261 1404 ut
1293 1337 1402 1416 ζῶντα

275 1442 331 1521 IV,
355 1448 404 1510 ts.
442 1443 629 1517 ωοιωιις
650 1443 689 1523 n
712 1448 763 1508 rs.
801 1447 1020 1528 ειφυσωιις
1046 1441 1133 1522 xlx,
1156 1447 1206 1507 41.
1244 1428 1344 1521 offis}
1366 1440 1404 1505 fit

277 1531 364 1625 οἶμα-ς
386 1544 602 1626 111ὲςορῶμες
624 1542 713 1626 XHI,
736 1547 765 1607 4.
803 1533 907 1625 ‹Ie-fix]
937 1544 974 1609 fit
1003 1533 1093 1625 ὦμίᾗ
1120 1548 1158 1608 ut
1179 1544 1325 1623 υἶνιώμωι
1346 1542 1403 1619 XI,

277 1650 327 1726 68,
350 1651 384 1709 et
399 1651 570 1725 κουχώμοιι
585 1644 640 1725 IV,
659 1650 708 1726 77,
731 1635 869 1725 ιῖὀμινος
889 1635 1012 1727 offis-eb}
1027 1649 1064 1709 ut
1076 1645 1266 1726 μυκώμενος
1280 1643 1336 1724 IV,
1352 1647 1402 1708 22.

273 1746 495 1827 χοισμώμενος
517 1745 570 1827 IV,
594 1749 644 1811 53.
667 1745 857 1826 ὀπτώμενον
879 1748 948 1829 VH,
972 1753 1021 1813 55.
1053 1746 1220 1828 ἀλώμενος
1241 1745 1330 1826 ΧΙΠ,
1353 1749 1402 1811 63.

278 1845 468 1930 πειρώμενοι
489 1845 558 1927 XV,
574 1851 623 1910 61.
638 1851 707 1911 122.
729 1848 815 1929 XIX,
831 1855 881 1915 33.
904 1849 1099 1931 λιχμώμενοι
1121 1847 1206 1922 XIX,
1222 1851 1277 1927 203
1300 1833 1402 1912 effi

278 1934 373 2014 ω-νῖἶ
384 1954 422 2011 ut
436 1953 596 2013 πωτῶντο
618 1948 689 2029 VII,
707 1954 776 2014 141.
792 1952 861 2032 XV,
879 1955 949 2016 122.
979 1950 1219 2033 ὑπερπωτοῑντο
1238 1948 1307 2028 XV,
1328 1953 1403 2029 120;

277 2037 339 2114 En
360 2048 399 2113 fit
420 2035 468 2112 ων
490 2053 542 2113 ut:
576 2050 759 2135 ἀνηρώτων
779 2052 804 2132 Ι,
828 2058 877 2118 77.
910 2050 1000 2138 ἤρων
1022 2053 1076 2133 VI,
1099 2056 1150 2117 29.
1180 2053 1314 2133 ἐνώμων
1334 2050 1405 2129 XX,

278 2155 329 2217 23.
361 2184 404 2199 -
436 2149 551 2231 Neque
574 2157 691 2216 tamen
706 2152 901 2220 Theocritus
929 2176 949 2219 a
978 2153 1114 2220 dialecti
1145 2153 1278 2219 doricae
1302 2150 1405 2217 solius

186 2305 218 2361 7
243 2220 258 2327 1
279 2250 409 2317 ratione
432 2250 597 2334 abherret,
620 2274 706 2336 quae
723 2254 1020 2351 uqinglongum
1042 2255 1133 2336 fauit,
1154 2259 1206 2319 ut:
1228 2253 1365 2335 μελᾶντι
1380 2253 1405 2335 Ι,

112 2424 118 2436 ,
279 2357 331 2420 83.
368 2356 480 2437 ὲρᾶντι
508 2354 579 2436 VII,
611 2360 661 2421 96.
698 2355 884 2434 ἀμώντεσσι
916 2358 955 2440 X,
988 2363 1036 2423 16.
1078 2362 1225 2422 πεινᾶντι
1258 2356 1405 2441 (dativus

83 2447 147 2545 ,Ν
280 2455 473 2541 singularis)
499 2455 568 2537 XV,
600 2461 670 2521 147.
707 2455 813 2537 ἐπάξω
840 2459 895 2540 IV,
925 2466 975 2526 28.
1011 2461 1140 2526 ἐντάυοι
1168 2458 1224 2535 IV,
1255 2463 1283 2523 6.
1332 2458 1405 2523 Ηιιο

35 2506 79 2601 I*
213 2586 259 2663 s»
279 2557 408 2623 secedit
439 2558 606 2638 genetivus
634 2559 812 2642 singularis
843 2560 995 2642 stirpium
1016 2562 1051 2625 in
1080 2584 1104 2625 οι
1133 2560 1405 2626 maseulinsrum:

279 2658 373 2723 Αἴδω
395 2658 420 2737 Ι,
444 2662 494 2724 96.
529 2655 715 2745 Θεοχιιρίὸοι
737 2662 777 2742 Π,
802 2667 850 2728 69.
886 2660 1041 2727 mileses
1062 2662 1116 2738 IV,
1142 2667 1168 2726 l.
1197 2661 1407 2745 Λιιμπριώὸτι

279 2762 339 2824 21(
375 2749 533 2846 Σιβύρτοι
568 2761 605 2841 V,
645 2767 671 2824 l.
720 2760 864 2849 Ευμώρυ
899 2765 938 2841 V,
974 2769 1003 2831 9.
1042 2769 1090 2828 73.
1141 2763 1318 2850 Σιβυρίτοι
1356 2767 1406 2828 73.

280 2858 452 2945 Λιτυέρσοι
481 2859 520 2941 Χ,
545 2865 597 2925 41.
632 2856 719 2927 “lta
746 2864 835 2947 XIII,
864 2872 892 2931 7.
936 2865 1043 2952 Λώβοι
1070 2865 1156 2946 XIV,
1179 2869 1230 2931 23.
1275 2863 1408 2930 Μενέλα

280 2960 398 3042 XVIII,
423 2966 461 3026 15
484 2981 506 3027 υ.
527 2960 679 3039 Μενέλας
701 2964 881 3046 Μενέλαος,
902 2969 1016 3053 Ἱμέρα.

247 3088 253 3215 ι
367 3068 399 3143 5)
423 3086 447 3127 οι
469 3068 502 3129 et
526 3085 552 3126 ω
574 3085 640 3131 non
673 3067 770 3135 aliter
800 3088 840 3133 ae
861 3069 1032 3152 vulgarem
1054 3072 1088 3134 in
1110 3069 1284 3150 rationem,
1313 3069 1349 3133 in
1371 3091 1408 3152 ω,

281 3187 353 3230 auo
376 3162 548 3231 inflexione
569 3168 695 3235 verbali
724 3171 758 3236 in
785 3194 832 3235 ωυ
858 3172 1109 3251 contrahuntur,
1140 3174 1177 3234 ut
1199 3175 1300 3236 νικῶν
1320 3170 1408 3245 VIII,

284 3271 332 3331 17.
366 3269 489 3352 ὲςορών
511 3271 561 3332 59.
585 3274 669 3353 ἐρῶν
690 3273 745 3355 IX,
763 3279 810 3340 13.
845 3278 977 3356 γενειῶν
997 3272 1081 3355 XIV,
1104 3277 1155 3337 28.
1179 3273 1244 3355 ὁρῶ
1266 3272 1336 3353 XX,
1354 3275 1407 3352 55;

281 3368 316 3433 in
337 3364 475 3432 flexione
499 3374 610 3434 eutem
633 3374 768 3458 stipium
789 3376 825 3440 in
847 3399 870 3440 ω
892 3397 964 3439 ιιων
987 3379 1045 3440 sut
1066 3373 1242 3457 reliquitur
1263 3372 1409 3439 ιι1Μου-

282 3470 374 3534 σάων
400 3467 487 3552 XVI,
516 3474 567 3536 29.
604 3474 696 3538 τώων
717 3476 787 3558 XX,
812 3481 883 3542 161.
921 3477 1065 3562 θυράων
1093 3475 1181 3552 XIX,
1206 3481 1244 3540 15
1274 3486 1342 3557 sut,
1374 3477 1409 3541 id

284 3570 372 3655 quod
393 3569 566 3639 rarissime
588 3574 632 3655 11,
654 3577 688 3642 in
711 3600 758 3643 ων
780 3578 1020 3646 contrahuntur
1034 3579 1123 3645 velut
1143 3578 1261 3660 λιγεῶν
1274 3585 1410 3661 μουσῶν

282 3675 352 3758 XX,
375 3675 435 3737 221
461 3681 519 3741 aut
541 3677 692 3748 doricum
714 3681 749 3746 in
771 3682 904 3747 modum
926 3681 960 3745 in
982 3703 1006 3744 οι
1027 3679 1131 3746 velut:
1155 3687 1292 3767 νυμφᾶν
1312 3682 1338 3764 Ι,
1361 3686 1409 3747 12.

283 3785 347 3846 τᾶν
369 3787 419 3849 21.
442 3783 542 3849 τοῖνδε
567 3788 636 3849 113.
660 3781 780 3864 Μορόιν
803 3786 872 3847 127.
901 3781 993 3865 ώρᾶν
1018 3786 1087 3848 137.
1113 3787 1276 3868 χιμαιρᾶν
1298 3783 1335 3864 V,
1359 3788 1409 3849 56·

283 3890 347 3951 τοῖν
379 3886 503 3972 οἷρνεᾶν
538 3892 587 3952 57.
632 3885 770 3949 Μοισᾶν
801 3883 872 3965 VII,
904 3888 953 3949 97.
985 3887 1036 3949 47.
1071 3888 1140 3950 128.
1183 3885 1327 3971 φιλητᾶν
1357 3890 1409 3951 40.

285 3991 424 4078 νυμφᾶν
448 3993 519 4054 136.
540 3995 689 4068 μυκητᾶν
711 3988 798 4071 VIII,
816 3993 842 4053 6.
866 3994 929 4054 τᾶν
949 3987 1070 4054 λευκολν
1092 3992 1143 4053 48.
1167 3993 1232 4055 τᾶν
1253 3992 1410 4067 πυμοιτᾶν

285 4091 379 4157 ώδᾶν
401 4094 451 4156 65.
474 4092 597 4156 λευκᾶν
617 4090 775 4169 δοιμιιλιὲν
795 4091 850 4175 IX,
863 4097 911 4158 10.
934 4095 999 4157 τοῖν
1018 4092 1133 4173 θυρᾶν
1153 4089 1191 4169 Χ,
1218 4095 1265 4154 14.
1288 4098 1412 4174 μροιινῖν

284 4193 353 4276 XV,
379 4199 427 4260 19.
456 4194 566 4280 πηριλν
587 4185 772 4270 αὐξομινῖιν
795 4198 864 4259 121.
888 4191 1027 4257 Μοισᾶν
1048 4190 1134 4272 XVI,
1157 4194 1207 4254 57.
1229 4189 1411 4259 Λοινοιινολν
1453 4206 1459 4215 ’
