3216 5076
821 578 863 640 28

279 742 451 829 πρύ-τανις
466 744 523 830 (ex
532 740 675 808 dialecto
689 740 865 828 55555155),
884 739 1010 829 πρωάν,
1024 743 1161 827 πρῶτος,
1177 738 1404 824 1551555555,

280 864 351 931 555,
383 866 502 930 555555
529 865 569 910 ex
594 864 718 929 pro-ro,
748 842 884 927 primus,
911 863 1003 927 prae,
1039 838 1157 909 (155155
1186 841 1304 922 fruma,
1335 839 1406 907 fru-

279 946 386 1030 51555,
414 945 658 1027 515515551555,
685 944 819 1029 fur-inu,
848 944 989 1012 fur-ists.
1033 942 1084 1009 Ex
1104 963 1170 1028 quo
1192 941 1405 1028 5555515555

281 1052 341 1129 555,
361 1047 495 1131 linguas
516 1045 683 1113 Α51551555
706 1046 796 1113 55155
818 1069 840 1114 5
860 1044 1038 1132 genuinum
1059 1063 1219 1126 55555555,
1241 1042 1403 1127 11555551-

280 1166 338 1215 555
361 1153 472 1214 autem
493 1148 545 1213 vel
571 1147 606 1213 in
633 1168 662 1229 0,
694 1149 746 1214 vel
775 1147 811 1213 in
837 1147 858 1229 i,
889 1147 1001 1214 vulin
1027 1168 1050 1213 u
1075 1151 1213 1212 5555555.
1257 1143 1404 1211 Dubium

279 1249 383 1333 igitur
410 1249 550 1331 videtur,
578 1249 666 1334 quud
694 1248 773 1315 Ahr.
797 1247 828 1313 d.
852 1247 882 1313 d.
906 1248 966 1313 181
998 1246 1093 1314 dicit:
1129 1245 1263 1325 „Mirari
1282 1245 1403 1331 555515,
1509 1262 1521 1273 “

279 1351 367 1418 unde
395 1348 476 1417 515
506 1371 546 1416 55
573 1370 654 1416 voce
676 1370 761 1436 quae
791 1367 809 1414 e
838 1349 1004 1434 πρότατος
1035 1349 1129 1415 15555
1155 1347 1318 1414 videatur.
1361 1348 1405 1412 Α5

281 1450 512 1535 antiquissimo
534 1454 683 1533 55555555
711 1448 787 1536 πρά,
809 1449 978 1534 πράτερος,
999 1450 1171 1535 πράτατος
1191 1447 1404 1533 pronuntiatu

280 1559 365 1632 sunt,
394 1551 482 1617 unde
504 1557 633 1638 πρῶτος
655 1555 744 1617 55555
767 1551 894 1619 fautum
918 1571 980 1619 555
1005 1556 1118 1618 tamen
1138 1550 1291 1619 5151551)
1312 1548 1404 1617 Juni-

279 1654 343 1722 bus
367 1657 532 1720 mutatum
554 1660 605 1720 est
626 1655 662 1718 iu
682 1659 821 1739 πρῶτος,
852 1652 941 1739 quud
968 1672 1044 1719 oum
1070 1651 1313 1719 recentioribus
1343 1650 1404 1736 πρό

279 1761 315 1823 55
334 1755 495 1843 πρότερος
516 1754 635 1822 5551155
658 1754 829 1822 55551515.1
925 1800 932 1809 «

364 1873 466 1960 πράν
492 1872 535 1957 II,
559 1877 629 1939 115.
650 1872 708 1956 111,
731 1877 782 1939 28.
805 1875 856 1938 31.
878 1871 917 1957 V,
940 1877 990 1938 81.
1015 1875 1085 1939 132.
1107 1871 1160 1955 vl,
1183 1874 1234 1937 35.
1256 1873 1309 1936 41.
1331 1869 1402 1952 VII,

281 1982 329 2044 51.
350 1976 390 2059 II,
411 1981 460 2042 16.
483 1975 611 2060 προάν
632 1973 721 2055 VIII,
742 1978 794 2039 23.
816 1973 857 2058 X,
882 1977 930 2039 15.
973 1973 1152 2041 Praeterea
1172 1968 1262 2058 quud
1276 1970 1404 2037 515555-

281 2077 351 2144 5155
383 2076 419 2143 15
451 2074 647 2143 Oallimnchi
678 2074 863 2158 fragmento
894 2080 935 2140 84
967 2074 1071 2143 Β5551.
1103 2079 1192 2161 πρᾶν
1223 2094 1284 2161 555
1312 2075 1403 2161 πρῶν

280 2176 383 2246 555151
412 2178 491 2259 5515,
523 2184 609 2263 πράν
636 2196 697 2261 555
719 2177 835 2262 πρωόιν
863 2176 915 2243 vel
942 2176 1049 2263 προάν
1078 2196 1243 2262 nusquam
1270 2175 1401 2259 legitur.

279 2279 393 2364 Neque
414 2299 493 2346 5555
514 2278 669 2345 Ahrensii
691 2278 721 2344 d.
744 2277 775 2343 d.
800 2282 856 2344 181
887 2278 975 2346 55515
997 2283 1083 2365 πρᾶν
1104 2276 1291 2364 explicandi
1310 2282 1403 2344 55555

280 2402 354 2448 5555
375 2382 519 2463 videtum
548 2382 633 2448 dicit
654 2381 755 2446 enim:
790 2384 988 2465 „utrumque
1010 2402 1028 2447 5
1050 2380 1161 2466 πρώην
1182 2379 1404 2464 πρ515555155

282 2482 518 2551 contractionis
539 2482 669 2549 5551555
690 2482 816 2548 factum
836 2480 991 2548 51515555.α
1034 2482 1241 2567 Quamquam
1262 2481 1348 2546 mira
1370 2486 1405 2546 55

279 2584 431 2651 inaudita
466 2583 682 2652 contrahendi
715 2605 767 2647 55
802 2583 837 2648 15
865 2604 889 2646 5
921 2581 1009 2649 55515
1041 2591 1092 2650 555
1121 2603 1161 2650 55
1193 2582 1236 2649 ab
1270 2581 1405 2666 linguae*

280 2685 429 2751 Graecae
459 2684 591 2768 ingenio
621 2684 833 2751 alienissima,
883 2683 1057 2768 Nusquam
1083 2684 1227 2752 enimin
1248 2683 1404 2752 universa

279 2784 471 2852 (1555515555
487 2785 653 2870 exemplar
667 2786 841 2871 reperitur,
863 2786 922 2853 ubi
936 2807 976 2852 ex
992 2786 1122 2853 duabus
1137 2785 1309 2854 vocalibus
1324 2805 1403 2851 555-

280 2886 452 2954 555555515
478 2887 585 2971 longis
612 2888 720 2954 515555
746 2887 891 2970 priorem
916 2890 1030 2956 555515
1052 2910 1117 2973 quo
1140 2888 1237 2954 modo
1259 2886 1402 2952 devoret.

280 2988 423 3055 Maxime
443 2988 548 3072 igitur
562 2995 718 3074 55555555
738 2987 837 3054 155515
859 2993 946 3075 πρᾶν
957 3010 1019 3074 555
1034 2991 1139 3075 προάν
1157 2988 1287 3055 videtur
1301 2993 1403 3072 utque

280 3090 347 3158 5115
369 3091 467 3158 modo
489 3089 540 3156 551
561 3091 759 3158 medendum
781 3096 843 3156 555.
963 3136 975 3146 -

702 3410 739 3498 d)
769 3433 796 3476 55
823 3431 893 3497 555
919 3433 972 3477 ov.

364 3582 543 3650 Dorienses
564 3600 809 3669 nonnumquam
831 3568 875 3647 ἶυ
903 3580 1050 3666 vulgaris
1076 3581 1151 3648 1555
1174 3604 1201 3644 ω
1230 3582 1403 3648 dicerene

280 3685 514 3767 555555551555
540 3688 670 3750 veteres
696 3682 829 3767 quidem
855 3683 951 3767 fugit,
977 3684 1072 3748 55155
1102 3681 1152 3749 rei
1177 3681 1403 3748 testimoninm

281 3791 333 3851 555
357 3784 392 3847 15
418 3805 492 3850 unu.
519 3785 597 3851 Oxx.
620 3783 645 3865 Ι,
675 3788 744 3849 147.
781 3786 925 3850 εἰώθασι
946 3782 1013 3871 γὰρ
1039 3789 1071 3848 οἱ
1093 3783 1255 3859 Λάκωνες
1280 3782 1341 3862 τὴν
1366 3784 1408 3846 55

280 3886 476 3974 δίφθογγον
501 3895 629 3974 τρέπειν
656 3891 703 3963 εἰς
731 3889 767 3952 51.
817 3887 978 3971 Antiquos
1005 3906 1083 3952 vero
1109 3887 1267 3952 Doridem
1296 3906 1403 3969 neque

281 3986 478 4055 severiorem
510 4009 616 4073 neque
647 3989 814 4057 mitiorem
841 3988 1031 4058 (1155551555
1061 3988 1201 4054 5155555.
1228 3987 1258 4053 d.
1285 3987 1403 4075 (1.154

280 4089 404 4175 optime
430 4088 613 4173 disputavit
641 4110 777 4176 remque
803 4090 854 4158 155
880 4090 1036 4175 instituit,
1064 4096 1103 4156 55
1131 4088 1231 4175 Doris
1257 4089 1403 4155 severior

282 4190 353 4258 5515
373 4190 464 4258 velut
489 4215 515 4254 ω
542 4212 604 4276 555
631 4212 679 4272 ou,
707 4193 756 4258 515
783 4193 885 4261 etium
911 4217 932 4272 η
954 4214 1014 4279 555
1035 4217 1064 4258 ει
1089 4191 1259 4278 praebeat.
1303 4188 1402 4276 Apud
