3216 5076
762 575 802 639 37

489 913 507 997 g
530 915 559 977 2.
604 910 654 980 [tc
676 911 857 980 vocalibus
879 913 1078 981 contractis.

307 1082 411 1148 Utin
441 1082 517 1147 aliis
545 1081 655 1163 rebus,
689 1081 738 1148 sie
767 1104 808 1149 ne
841 1083 875 1149 in
907 1082 1076 1150 vocalibus
1110 1085 1346 1152 contrahendis

220 1184 352 1268 quidem
379 1184 575 1250 Theocritus
606 1187 767 1249 rationem
794 1183 896 1249 ullam
924 1207 1029 1268 neque
1060 1172 1213 1252 doricam
1230 1209 1346 1272 neque

186 1302 191 1315 ·
219 1286 383 1352 aeolicam
410 1307 516 1370 neque
546 1285 715 1369 vulgarem
747 1290 939 1352 constanter
970 1294 1103 1353 secutus
1132 1293 1191 1370 est,
1223 1291 1282 1355 sed
1313 1291 1347 1354 in

219 1388 351 1474 idylliis,
379 1389 431 1454 vel
452 1387 602 1453 versibus
633 1386 771 1469 singulis
793 1388 895 1453 variis
918 1388 1032 1454 formis
1055 1410 1140 1473 quae
1170 1395 1247 1455 sunt
1276 1391 1347 1456 dia·

218 1491 380 1556 lectorum
401 1489 569 1554 variarum
591 1509 680 1555 usus.
724 1489 842 1572 Itaque
865 1489 908 1555 ad
924 1490 1102 1557 dialectum
1117 1491 1346 1558 Theocriteem

218 1592 336 1658 melius
358 1590 623 1676 perspiciendam
646 1590 793 1673 singulas
818 1590 957 1675 singulis
979 1593 1062 1658 locis
1084 1593 1208 1659 formas
1229 1595 1346 1661 distin·

220 1716 320 1778 guere
343 1699 376 1760 et
399 1715 591 1760 enumerare
614 1693 695 1760 utile
716 1694 856 1760 videtur.

304 1812 351 1881 Ac
381 1814 524 1898 primum
553 1812 686 1896 quidem
709 1812 749 1877 de
781 1835 805 1876 cr
836 1833 910 1877 cum
932 1812 1040 1878 vocali
1060 1813 1247 1900 insequenti
1270 1835 1346 1882 con·

218 1921 326 1982 tracto
350 1916 501 2013 quaestio
524 1920 584 1980 est.

306 2039 337 2123 1)
367 2058 391 2100 c
420 2042 458 2101 et
487 2058 502 2099 ε
533 2054 689 2118 semper
718 2032 1018 2099 contrahuntur
1046 2041 1080 2102 et
1100 2043 1354 2120 nonnumquam

218 2136 352 2219 quidem
372 2137 542 2219 vulgarem
563 2136 597 2198 in
612 2135 745 2199 modum
767 2135 802 2199 in
824 2157 848 2198 a
869 2135 1002 2219 longum
1025 2142 1062 2201 ut
1083 2137 1256 2225 tthccll,
1275 2142 1345 2203 148.

217 2234 407 2317 μωκᾶσθαι
428 2236 466 2315 Χ,
492 2240 540 2300 19.
573 2234 787 2319 accenderint
809 2237 897 2316 XIII,
921 2242 971 2302 65.
1010 2238 1157 2323 ώριγᾶτο
1185 2239 1271 2321 XIX,
1293 2243 1345 2304 44.

217 2338 330 2417 ἐνώμα
360 2336 429 2417 XX,
463 2341 522 2401 109
560 2336 737 2400 maximam
770 2340 882 2409 autem
914 2343 1041 2419 partem
1071 2339 1186 2405 dorica
1216 2346 1346 2406 contra-

219 2437 319 2503 hendi
341 2439 373 2502 in
397 2463 416 2518 η
438 2438 525 2505 ratio
541 2437 636 2518 valet,
658 2456 818 2519 quaeres
842 2442 875 2502 et
897 2438 1097 2521 scriptorum
1120 2445 1153 2505 et
1174 2440 1346 2505 titulorum

220 2540 378 2624 exemplis
404 2547 437 2607 et
470 2538 761 2624 grammaticorum
794 2539 1066 2606 adnotationibus
1100 2539 1346 2608 demonstratur

219 2642 283 2708 vid.
305 2642 384 2706 Ahr.
409 2642 439 2706 d.
463 2640 493 2704 d.
519 2644 589 2704 195.
612 2642 729 2726 &morte
750 2640 791 2716 Π,
817 2645 886 2706 154.
910 2645 1039 2726 ὲςορῆτε
1062 2643 1099 2724 V,
1123 2648 1151 2708 3.
1175 2644 1295 2729 duptam
1306 2645 1344 2725 V,

190 2776 204 2790 ν
219 2748 269 2808 42.
293 2744 402 2830 ἡρώτη
426 2748 474 2808 74.
498 2741 595 2828 dodra
620 2746 689 2805 110.
713 2742 831 2832 (θήκη
852 2743 907 2824 VI,
924 2749 974 2809 45.
998 2738 1057 2829 ὅρη
1079 2744 1150 2825 VII,
1174 2749 1223 2809 50.
1246 2744 1344 2829 ὁρῆτε

218 2846 273 2927 IX,
297 2851 346 2911 35.
370 2845 444 2924 ἔλης
465 2843 521 2925 XI,
537 2848 587 2908 54.
610 2838 670 2929 ὅρη
692 2843 759 2924 XV,
776 2848 804 2908 2.
828 2848 895 2924 σμῆ
919 2844 986 2925 XV,
1004 2849 1053 2910 30.
1096 2844 1223 2913 Justior
1244 2868 1345 2930 quac·

218 2946 295 3012 dam
316 2946 404 3012 ratio
428 2946 541 3012 dorica
564 2966 637 3011 esse
658 2944 796 3026 ridetur,
824 2967 909 3029 quae
932 2966 996 3011 non
1018 2953 1056 3013 ut
1076 2947 1223 3030 vulgaris
1246 2968 1344 3014 voea-

217 3048 282 3114 lem
303 3050 530 3131 insequentem
552 3048 586 3111 in
617 3067 733 3112 sonum
762 3066 858 3112 suum
888 3046 987 3130 plane
1009 3048 1138 3133 recipit,
1170 3048 1229 3113 sed
1251 3070 1291 3115 ex
1320 3071 1344 3113 a

218 3154 251 3214 et
286 3172 301 3212 s
339 3149 516 3215 accedente
552 3169 670 3213 norum
702 3149 867 3231 quandam
898 3167 1015 3213 sonum
1046 3147 1157 3215 efficit.
1190 3149 1237 3216 ef.
1266 3150 1343 3218 Leo.

217 3250 336 3338 Meyer.
370 3272 418 3333 gr.
450 3270 553 3335 comp.
585 3250 609 3331 Ι,
632 3253 704 3313 292.
749 3252 857 3313 taraus
890 3249 1010 3314 *tulare
1040 3253 1138 3331 ἐνίκη,
1172 3252 1230 3318 sed
1263 3246 1343 3338 doces

216 3351 331 3439 *decta
353 3347 428 3439 ὅρα,
449 3352 553 3417 latino
577 3369 772 3433 amaveram,
794 3373 870 3419 ama
894 3351 942 3442 (u)
966 3372 1065 3433 eram,
1089 3353 1246 3420 amaram.

301 3469 336 3559 2)
367 3493 391 3534 οι
413 3477 452 3536 et
475 3493 508 3533 ει
531 3469 632 3534 semel
653 3489 719 3534 non
741 3469 992 3551 contrahuntur,
1021 3470 1144 3557 ἑδριάει
1165 3471 1266 3552 XVII,
1293 3476 1341 3552 19,

217 3571 301 3637 alias
323 3576 435 3637 antem
458 3576 516 3635 aut
537 3570 719 3652 vulgariter
740 3571 776 3635 in
797 3593 820 3659 qr
843 3576 879 3635 ut
901 3576 982 3655 σιγᾷ
1003 3572 1072 3652 XV,
1096 3577 1145 3638 96.
1169 3572 1251 3657 ὁρᾷς
1272 3572 1342 3655 XX,

217 3679 266 3739 59.
290 3678 329 3739 69
354 3680 413 3739 aut
432 3672 546 3739 dorice
568 3671 602 3735 in
624 3695 646 3755 ῃ
668 3676 704 3736 ut
732 3677 838 3758 φοιτῇ
859 3647 1111 3753 Lm
1126 3675 1221 3757 ὲςορῇ
1242 3674 1267 3755 Ι,
1290 3679 1340 3740 82.

216 3779 295 3860 σιγῇ
317 3775 358 3856 Π,
381 3779 431 3856 33,
454 3779 504 3841 34.
527 3777 643 3859 ἐρευνῇ
664 3773 735 3855 VH,
758 3780 808 3840 47.
838 3775 972 3859 nodone]
994 3772 1061 3855 XV,
1079 3778 1135 3839 ,12.
1162 3775 1220 3857 λῇς
1241 3775 1266 3856 Ι,
1292 3782 1340 3843 12.

215 3877 252 3958 V,
275 3882 326 3942 21.
350 3880 400 3942 64.
429 3878 543 3961 ὲςορῇς
564 3875 589 3955 Ι,
612 3879 662 3940 85.
691 3877 815 3960 τολμῇς
836 3876 874 3956 V,
898 3881 947 3941 35.
980 3875 1059 3961 ὁρῇς
1081 3875 1119 3957 V,
1143 3880 1192 3942 73.
1221 3881 1341 3962 φοιτῇς

215 3977 269 4060 XI,
293 3983 343 4043 20.
376 3980 503 4060 incuria
524 3974 579 4055 IV,
606 3980 652 4039 11.
711 4064 713 4067 Ι

299 4097 334 4183 3)
356 4117 380 4158 α
402 4098 442 4159 et
463 4117 484 4177 ῃ
507 4093 562 4184 (ex
582 4094 651 4178 aar)
678 4093 714 4158 iu
742 4115 765 4176 ᾳ
794 4093 962 4180 vulgarem
983 4093 1017 4160 in
1040 4097 1186 4164 modum:
1218 4095 1339 4178 ὃιαντᾷ

214 4195 286 4280 nu,
308 4200 359 4264 er.
