3216 5076
776 548 795 610 8

223 713 439 780 01*έσ-σνντι
466 714 544 779 vide·
564 712 642 778 Ahr.
666 713 696 778 d.
720 712 801 779 aeol.
826 719 895 778 179.
939 711 1035 797 Apud
1058 713 1269 778 Theocritum
1292 735 1347 779 ac-

179 860 187 875 .
223 821 320 882 centu
341 815 478 882 reducto
505 812 620 881 ὅστισν
640 816 681 895 II,
704 819 753 879 21.
778 815 907 896 61111,
930 815 1056 895 29111,
1083 819 1120 879 16
1143 815 1264 896 legitur
1286 836 1346 898 pro

220 918 498 1001 vulgaritatem,
529 916 617 1002 quod
638 916 709 997 Vll,
735 921 792 981 191
818 920 851 980 01
872 914 940 997 XX,
965 920 1024 981 105
1048 916 1231 985 exhibetur.
1275 915 1346 983 Hoc

222 1045 237 1086 a
258 1021 292 1085 in
315 1044 327 1082 ν
348 1025 513 1085 mutatum
533 1019 668 1085 dialecti
685 1017 820 1082 doricae
836 1022 894 1096 est,
918 1036 1003 1098 quae
1018 1017 1117 1083 huius
1132 1021 1182 1084 rei
1197 1019 1347 1104 exempla

222 1123 394 1205 complura
414 1123 561 1204 praebet,
589 1121 741 1186 11ἱστὶν
770 1139 830 1201 pro
857 1121 954 1183 ἑστία
976 1122 1010 1182 et
1036 1120 1136 1183 σνκὶν
1163 1142 1224 1205 pro
1247 1128 1347 1199 συκέη

221 1224 254 1288 in
281 1223 387 1290 tabul.
414 1223 545 1288 Heracl.
574 1223 762 1303 5774,124.
813 1219 917 1297 Quam
945 1241 1015 1285 rem
1037 1220 1107 1305 jam
1136 1223 1347 1303 grammatici

222 1327 351 1408 antiqui
381 1325 686 1391 animadverterunt
716 1328 754 1387 ut
786 1321 838 1385 Et.
872 1321 914 1385 M.
937 1323 1021 1403 Ι382,
1053 1325 1103 1385 42.
1151 1318 1259 1400 Ἴωνες
1288 1324 1346 1390 aul

221 1429 359 1512 Δωριεῖς
386 1425 443 1490 δνσὶ
464 1433 524 1490 τοῦ
547 1433 564 1490 ῖ
588 1429 684 1490 ἱστιῶ
710 1422 767 1488 καὶ
796 1425 900 1488 ἱστία.
950 1422 1082 1488 Heraol.
1112 1425 1200 1507 apud
1230 1426 1345 1493 Eusth.

223 1531 316 1612 1562,
339 1533 389 1593 32.
434 1526 572 1593 Σικελοὶ
593 1527 632 1591 τὸ
656 1524 816 1613 ἀρκτικὸν
839 1529 860 1590 ε’
886 1517 913 1608 ᾧ
935 1527 1045 1591 ἕπεται
1069 1523 1107 1589 τὸ
1132 1530 1238 1608 σίγμα
1259 1533 1344 1604 elci

219 1630 459 1713 μστντιθὶνσι,
483 1629 577 1695 cuius
593 1628 642 1694 rei
658 1627 807 1711 exempla
821 1626 918 1692 affert
940 1633 1031 1706 ἱσχσν,
1047 1632 1141 1709 doum,
1164 1628 1233 1712 ἱζω,
1256 1632 1347 1709 ἱστίη

220 1737 256 1796 51
279 1736 371 1812 1579,
395 1737 444 1797 47.
481 1729 572 1796 aare}
600 1729 679 1805 τοὺς
700 1729 861 1805 παλαιοὺς
883 1733 915 1793 οἱ
937 1732 1077 1816 Δωριεῖς
1102 1733 1217 1812 ἱστιᾷν
1237 1732 1347 1811 λέγου-

221 1856 275 1900 σιν
304 1837 336 1898 ἐν
362 1837 411 1916 τῷ
433 1837 526 1897 tuta.
578 1832 617 1896 In
646 1832 849 1898 editionibus
882 1831 1187 1897 ante-abrensianis
1210 1833 1347 1911 χαλκιο-

187 1969 195 1984 ,
220 1935 356 2020 κάρδισς
378 1934 465 2015 XIII,
489 1939 517 1998 5.
562 1936 716 2019 φοινινὶῳ
738 1934 780 2017 ΙΙ,
803 1941 831 2000 2.
858 1933 996 2014 ruituros·
1017 1933 1058 2014 Il,
1080 1938 1118 1997 41
1143 1933 1346 2016 legebantur,

221 2057 306 2121 quae
334 2058 409 2102 cnm
436 2057 475 2101 ex
502 2034 644 2100 dialecto
673 2035 786 2100 dorica
816 2033 1037 2102 demonstrari
1058 2054 1123 2098 non
1153 2036 1347 2118 potuissent,

220 2137 407 2204 Ahrensius
429 2139 505 2222 jure
528 2156 587 2201 suo
611 2158 628 2202 e
650 2144 742 2202 textu
762 2138 902 2204 removit
924 2155 1102 2218 eorumque
1124 2136 1195 2201 loco
1218 2137 1346 2216 χνλκεσ

220 2241 364 2324 caudeae,
387 2246 552 2326 φοινικέῳ,
568 2240 713 2318 χάλκεος
736 2241 889 2326 scripsit;
925 2260 1001 2304 nam
1024 2238 1202 2304 cavendum
1224 2243 1284 2321 est,
1306 2261 1347 2305 ne

221 2342 255 2407 in
270 2342 447 2409 Theocrito
468 2342 576 2406 forma
598 2343 695 2425 quasi
716 2340 831 2407 dorica
854 2342 1029 2421 scribatur,
1052 2360 1137 2422 quae
1160 2360 1177 2404 e
1199 2339 1346 2407 fontibus

219 2464 296 2509 vere
319 2443 441 2510 doricis
464 2443 592 2507 hauriri
614 2449 766 2526 nequeat.
811 2440 923 2508 ὅστισν
944 2448 1055 2506 autem
1075 2446 1209 2523 praeter
1230 2444 1347 2510 ὀστέον

221 2564 261 2609 ex
282 2543 417 2629 optimis
445 2545 542 2610 libris
570 2546 695 2611 idcirco
723 2544 965 2611 restituendum
994 2562 1066 2606 esse
1089 2541 1228 2625 videtur,
1258 2547 1346 2627 quod

220 2644 337 2709 formis
370 2644 533 2712 similibus
563 2647 723 2723 Μννσὶσς
753 2648 788 2712 in
819 2645 916 2711 titulo
946 2641 1093 2727 Gepholl.
1124 2663 1172 2706 nr.
1198 2648 1280 2711 1918
1313 2653 1348 2713 et

221 2744 363 2810 Phocico
379 2746 474 2814 Roas.
497 2770 528 2813 n.
544 2753 582 2814 81
608 2756 641 2814 01
655 2748 815 2825 Στνσὶνς
838 2750 1025 2813 00101758
1048 2744 1198 2826 11101111;
1228 2746 1346 2815 deinde

221 2852 330 2912 autem
353 2846 478 2925 ὀστέον,
506 2868 631 2917 sanscr.
656 2850 754 2930 asthi,
785 2850 875 2914 zend.
899 2848 965 2928 acti
995 2869 1033 2912 ex
1054 2847 1215 2926 ὄσσε-101
1237 2856 1346 2916 ortum

222 2969 305 3030 esse,
337 2947 498 3034 Georgius
521 2950 656 3035 Curtius
683 2954 717 3017 iu
740 2957 833 3037 etym.
857 2952 913 3018 Gr.
937 2951 1030 3015 elem.
1053 2971 1106 3032 pg.
1132 2955 1192 3015 198
1215 2951 1345 3017 demon·

222 3055 317 3132 strat,
338 3052 388 3117 ita
403 3059 440 3117 ut
461 3048 577 3118 ὅστιον
598 3060 731 3137 praeter
752 3054 872 3118 ὀστέον
895 3052 1042 3133 elingua
1057 3052 1186 3119 Graeca
1200 3054 1345 3120 alienum

220 3173 286 3218 non
309 3153 363 3219 sit.
872 3168 875 3171 '

305 3248 392 3320 Num
408 3257 496 3338 apud
511 3257 721 3324 Theocritum
744 3259 893 3343 δένδρεον
908 3277 968 3340 pro
984 3257 1117 3342 δένδρον
1136 3258 1345 3324 scribendum

222 3356 273 3438 sit,
294 3374 359 3420 non
382 3355 465 3421 satis
488 3363 630 3425 constat.
652 3360 815 3446 ἀδελφεός
830 3379 889 3444 pro
906 3359 1052 3445 ἀδελφός
1072 3359 1195 3442 legitur
1216 3360 1300 3442 XIX,
1314 3365 1343 3426 8.

155 3489 163 3503 ·
219 3456 289 3539 XX,
312 3462 382 3523 139.
404 3457 489 3539 XXI,
506 3464 555 3525 35.
577 3460 645 3542 XX,
668 3465 687 3526 5
710 3462 902 3527 coniectura
918 3457 1082 3541 Meinekii,
1105 3481 1203 3543 quam
1218 3462 1344 3530 Ahreu·

221 3559 290 3623 sius
318 3579 379 3641 pro
407 3560 549 3626 lectione
576 3563 710 3645 vulgata
744 3564 908 3650 ἀδελφούς
941 3562 991 3627 vel
1021 3561 1181 3648 ἀδελφεός
1210 3567 1342 3648 recepit.

219 3659 401 3726 Ahrensius
427 3683 504 3728 vero
531 3663 561 3728 d.
590 3663 621 3729 d.
652 3669 711 3729 123
741 3667 892 3749 δένδρεον
919 3666 966 3730 ita
994 3663 1153 3743 declarat,
1188 3670 1226 3729 nt
1252 3688 1267 3729 ε
1294 3666 1343 3730 in-

221 3765 346 3826 sertum
376 3764 420 3827 sit
452 3763 542 3829 velut
574 3764 608 3829 iu
638 3767 742 3832 tabul.
765 3766 894 3831 Heracl.
927 3770 960 3830 et
992 3764 1100 3829 titulis
1122 3763 1343 3849 Cretensibus,

219 3862 308 3928 velut
323 3857 406 3928 ὤεον
420 3865 509 3946 apud
525 3864 760 3949 Epicharmum
775 3874 809 3934 et
821 3866 985 3953 σέλεθρον
1007 3868 1040 3932 in
1055 3866 1163 3932 titulis
1178 3868 1344 3951 Amphiss.

219 3970 253 4030 et
274 3962 406 4050 Corcyr.
435 3986 495 4047 pro
523 3968 680 4055 πλέθρον.
725 3970 826 4038 Plane
854 3976 964 4036 autem
991 3968 1156 4034 diversum
1177 3976 1230 4036 est
1250 3995 1273 4051 ε,
1307 3979 1345 4038 ut

215 4065 311 4145 dicit,
337 4067 497 4132 insertum
527 4067 614 4133 inter
643 4072 725 4138 duas
756 4078 973 4139 consonantes
996 4069 1039 4133 ab
1066 4094 1081 4134 ε
1111 4071 1235 4137 inserto
1257 4074 1344 4169 iqter

220 4166 303 4231 duas
331 4168 471 4235 vocales.
520 4168 612 4235 Haeo
645 4173 733 4236 enim
763 4195 827 4255 rea,
860 4179 898 4238 ut
923 4169 1080 4256 ἄστρασὴ
1108 4179 1143 4238 51
1168 4175 1343 4258 coaequari,
