3216 5076
783 535 823 597 39

243 696 362 779 XVIII,
389 703 418 763 4.
460 698 668 785 Ίλνδαριδολν
698 706 727 767 5.
763 704 827 766 τᾶν
854 706 904 767 25.
941 702 1144 787 εὐπατριδᾶν
1167 705 1217 767 54.
1252 701 1367 787 θνροῖν

195 817 196 821 ’
243 799 329 881 XIX,
365 804 416 866 49.
474 802 541 868 Leo
571 802 691 890 Meyer.
722 805 747 885 Ι,
780 807 842 869 293
879 823 949 869 rem
981 804 1030 870 ita
1065 804 1230 870 declarat:
1273 803 1367 868 τάων

242 899 349 966 *τοίαν
370 905 442 968 τοῖν.

329 1006 363 1091 6)
384 993 502 1084 ἆονῖρῖι
524 1003 612 1089 quod
633 1005 748 1088 lingua
761 1005 908 1089 vulgaris
930 1006 964 1070 in
986 1005 1106 1086 ιλονσα,
1122 1006 1196 1070 orori
1217 1006 1365 1088 mutavit,

242 1103 438 1170 Theocritus
453 1105 633 1188 vulgariter
644 1104 845 1172 contrahere
869 1106 953 1172 solet
973 1110 1012 1170 ut
1031 1106 1218 1192 καθορῶσα
1239 1106 1297 1188 ΠΙ,
1313 1110 1364 1172 21.

240 1208 412 1289 φοιτῶσαι
437 1210 506 1287 113,
543 1206 643 1272 semel
664 1207 813 1272 doricum
839 1208 873 1272 in
902 1208 1037 1273 modum
1058 1208 1093 1272 in
1120 1200 1199 1291 aaa,
1231 1209 1364 1290 νελολσα

241 1309 268 1390 I,
291 1313 331 1374 36
354 1308 395 1373 cf.
419 1307 497 1372 Ahr.
521 1308 551 1372 d.
575 1307 605 1373 d.
631 1312 701 1373 197.

326 1410 360 1496 7)
397 1394 457 1472 αὖ
490 1408 658 1491 vulgarem
690 1409 724 1475 iu
757 1410 918 1477 rationem
950 1409 985 1474 in
1016 1433 1041 1492 ῳ
1076 1408 1291 1491 contrahitur,
1327 1416 1365 1476 ut

239 1510 419 1596 νοθορῷμι
440 1510 496 1592 VI,
513 1515 563 1575 22.
585 1510 762 1593 νλανῴντο
776 1513 831 1593 IX,
847 1517 876 1577 4.
899 1513 1004 1597 ὁρῷεν
1018 1510 1106 1591 XIII,
1124 1515 1173 1575 12.
1194 1510 1363 1594 βλνχῷντο

237 1611 326 1695 ΧΙΠ,
350 1615 401 1679 92.

384 1806 399 1846 ε
428 1803 513 1848 cum
535 1782 668 1848 vocali
694 1780 925 1865 insequenti
952 1784 1211 1846 contractum.
1301 1782 1305 1783 *

324 1919 355 2001 1)
377 1940 418 1981 aa
439 1916 529 1982 nullo
551 1918 618 1983 alio
641 1918 714 1985 loco
737 1917 803 1982 nisi
822 1917 857 1982 in
879 1915 1017 1981 flexione
1032 1916 1190 1981 nominali
1212 1922 1312 2001 atque
1326 1919 1361 1984 in

235 2018 353 2084 mediis
374 2019 509 2085 vocibus
534 2020 709 2104 reperitur,
735 2020 793 2086 ubi
815 2018 925 2085 rarius
949 2016 1102 2082 contrahi
1125 2016 1224 2099 solet;
1256 2017 1362 2085 forma

234 2140 311 2184 vero
328 2119 453 2184 doridis
476 2121 682 2201 antiquioris,
705 2126 876 2186 eontracta
892 2119 1087 2185 recentioris
1101 2125 1134 2183 et
1146 2118 1280 2202 linguae
1291 2121 1361 2187 vul-

236 2218 325 2300 garis
348 2224 400 2282 est
424 2217 464 2281 cf.
488 2217 568 2282 Ahr.
584 2220 615 2283 d.
631 2219 662 2283 d.
679 2225 751 2284 235.
788 2218 830 2306 a)
852 2221 891 2282 in
909 2218 1099 2284 flexione:
1121 2226 1246 2301 τέμνεα
1267 2222 1293 2305 Ι,
1309 2227 1359 2287 66.

236 2318 306 2398 VII,
329 2322 380 2382 86.
403 2312 511 2383 ἄλσεα
531 2318 556 2399 I,
580 2324 629 2384 79.
655 2322 724 2383 106.
748 2312 837 2403 ὥρεα
859 2317 883 2397 I,
910 2323 979 2382 106.
1000 2317 1042 2398 Π,
1068 2323 1138 2383 148.
1168 2324 1303 2398 στήθεα
1317 2323 1359 2404 Π,

236 2424 284 2484 78.
326 2414 433 2499 ἄγκεα
456 2420 542 2502 VIH,
566 2425 615 2486 32.
661 2418 789 2499 σμάνεα
811 2422 863 2507 42.
907 2414 1021 2483 ἄνθεα
1043 2418 1098 2500 IX,
1123 2424 1172 2485 35.
1196 2422 1264 2503 XV,
1289 2428 1359 2488 116.

232 2520 301 2601 XX,
324 2523 375 2586 42.
398 2522 526 2607 ψεύδεα
547 2520 620 2601 XII,
643 2525 693 2584 24.
717 2519 858 2605 ἀκριβέα
879 2518 964 2601 XIV,
990 2525 1040 2584 81.
1057 2524 1174 2598 χείλεα
1195 2523 1263 2606 XV,
1288 2529 1358 2591 129.

232 2618 340 2685 ἄστεα
361 2621 446 2705 XVI,
469 2626 520 2688 84.
554 2621 661 2686 έθνεα
682 2620 783 2701 XVII,
808 2626 858 2685 77.
894 2621 1025 2707 βρέφεα
1048 2621 1134 2703 ΧΙΧ,
1158 2630 1186 2689 7.
1220 2626 1359 2691 ἀλαθέα

230 2722 316 2804 XIII,
340 2727 390 2788 65.
412 2724 454 2804 Π,
478 2728 528 2789 93.
551 2722 589 2803 V,
614 2728 662 2788 73.
679 2724 795 2802 χείλεα
817 2721 904 2804 XIX,
928 2727 977 2788 63.
1000 2724 1197 2805 Γανυμήδεα
1219 2728 1290 2810 XII,
1307 2733 1357 2795 35.

227 2822 445 2910 ιΠοιιοιοοσ
467 2825 536 2906 xx,
559 2829 587 2889 a.
612 2828 662 2888 re.
688 2829 738 2889 ον.
764 2821 877 2902 cneco
898 2824 939 2905 Π,
962 2830 1012 2889 rs.
1035 2812 1180 2909 βασιλέα
1202 2827 1287 2909 xiv,
1307 2834 1356 2895 oa.

230 2925 391 3000 θνώδεας
430 2924 533 3005 XVII,
573 2929 642 2989 126.
694 2925 937 3016 (περικαλλέας)
980 2926 1139 2999 ἀναιδέας
1183 2929 1269 3009 XIII,
1305 2932 1356 2994 24.

230 3025 267 3115 b)
300 3027 340 3091 in
366 3027 510 3093 mediis
541 3027 722 3093 uocibus:
754 3034 854 3112 κρέας
875 3026 900 3106 I,
925 3031 952 3090 6.
975 3026 1013 3107 V,
1039 3031 1108 3091 140.
1130 3026 1186 3107 ΙΧ,
1209 3032 1259 3092 24.
1298 3030 1357 3115 έαρ

229 3128 316 3211 VIII,
339 3133 390 3194 24.
413 3167 454 3177 -
476 3128 564 3192 Raro
588 3132 699 3194 autem
720 3128 766 3207 fit,
789 3133 827 3192 ut
849 3147 889 3190 εα
910 3125 946 3189 in
967 3148 987 3203 η
1007 3126 1246 3194 contrahantur
1267 3130 1357 3196 velut

228 3228 352 3310 ολναιδῆ
367 3229 407 3312 11,
424 3235 474 3295 28.
497 3231 652 3316 αὐτοφυῆ
666 3230 721 3311 IX,
738 3234 789 3293 24.
812 3227 919 3305 εὐώδη
934 3227 1019 3309 XIV,
1032 3231 1080 3294 16.
1104 3222 1158 3317 ἦρι
1173 3228 1290 3311 XVIII,
1304 3234 1354 3296 39.

314 3331 349 3419 2)
382 3354 397 3396 ε
426 3337 459 3397 et
486 3355 500 3395 e
532 3350 778 3412 nonnumquam
800 3333 833 3394 et
860 3329 894 3394 id
925 3330 1057 3413 quidem
1079 3332 1220 3398 maxime
1242 3331 1277 3396 in
1298 3352 1355 3397 no-

229 3434 354 3498 minum
380 3431 518 3497 flexione
543 3451 610 3495 non
637 3432 889 3497 contrahuntur:
926 3427 1042 3514 ἄλγεες
1064 3434 1102 3515 V,
1125 3437 1175 3497 41.
1212 3433 1354 3499 νέεσθαι

227 3534 312 3615 XVI,
336 3539 386 3602 28.
416 3531 596 3596 τελέεσθαι
618 3532 704 3614 XIX,
727 3539 777 3598 76.
805 3532 999 3599 θανέεσθαι
1021 3533 1090 3613 ΧΧ,
1115 3537 1163 3597 18.
1192 3538 1354 3618 φορέεσκε

228 3634 298 3716 XX,
323 3639 393 3699 114.
437 3670 481 3683 —
524 3637 652 3699 ἐπέεσσι
679 3633 704 3715 I,
735 3638 785 3698 34.
829 3641 980 3699 τοκέεσσι
1011 3633 1065 3713 VI,
1096 3636 1146 3696 24.
1183 3631 1253 3713 XX,
1282 3638 1352 3700 159.

228 3735 432 3822 ὑπεραχθέες
453 3735 509 3815 XI,
535 3741 583 3799 15.
620 3742 730 3810 τοκέες
754 3741 803 3800 38.
841 3735 975 3808 ἀολλέες
996 3733 1067 3814 XII,
1091 3738 1140 3798 30.
1172 3735 1358 3819 Δωριέεσσί

104 3884 107 3887 ι
228 3838 296 3919 XV,
320 3843 370 3903 93.
395 3837 496 3911 ὠκέες
517 3836 602 3918 XVI,
626 3843 677 3904 46.
701 3843 858 3901 σακέεσσι
882 3841 931 3900 78.
954 3835 1133 3899 νλατέεσσι
1155 3834 1256 3918 XVII,
1280 3841 1351 3902 101.

228 3937 388 4022 έρικυδέες
414 3942 483 4002 103.
522 3936 723 4022 ἀριφραδέες
745 3936 831 4016 XIX,
860 3940 909 4000 39.
945 3933 1105 4018 βαρέεσσι
1126 3937 1195 4019 XX,
1218 3943 1246 4001 3.
1283 3940 1349 4000 έστ-

226 4039 331 4113 δενέες
357 4043 426 4105 100.
463 4038 572 4111 πολέες
597 4041 666 4102 162.
705 4040 862 4100 σακέεσσι
886 4040 956 4102 190.
994 4042 1168 4120 εὐανέεσσι
1190 4036 1274 4115 XXI,
1298 4039 1348 4099 30.

228 4140 267 4206 In
293 4163 324 4204 εε
355 4144 465 4207 autem
494 4137 720 4205 contrahendo
743 4137 937 4205 Theocritus
965 4159 985 4204 a
1014 4141 1143 4206 ratione
1164 4134 1293 4218 uulgari
1315 4141 1351 4201 εἶ
