3216 5076
833 574 874 635 32

292 745 442 811 exortum
463 736 602 821 ridetur,
631 739 802 824 comparat
823 743 924 826 atque
945 742 1065 826 κοῦρος
1086 742 1120 807 st
1137 737 1279 827 *afogoc
1300 743 1418 811 natum

292 863 366 911 csse
386 845 493 928 putat.

378 967 532 1056 ὠρανός
562 967 601 1051 V,
623 971 675 1034 44.
704 966 872 1053 οὐρανός
893 967 934 1050 II,
959 972 1029 1035 146.
1059 966 1149 1051 XIII,
1177 974 1228 1035 47.
1256 967 1342 1051 XVI,
1363 974 1415 1037 71.
1462 990 1465 994 ’

290 1071 377 1153 XIX,
405 1075 454 1137 79.
482 1069 552 1151 XX,
579 1073 684 1135 8114.
721 1068 966 1157 odooolmcog
991 1070 1077 1151 XIX,
1108 1076 1158 1139 58.
1194 1069 1416 1159 οὐροιοίὸας

290 1172 393 1254 XVII,
415 1176 465 1237 22.
504 1173 634 1261 ὠροοός
663 1171 814 1241 doricum
834 1178 974 1238 vocatur
1003 1192 1024 1238 a
1052 1171 1215 1257 Gregorio
1241 1170 1315 1239 Gor.
1344 1177 1415 1254 246,

292 1270 427 1342 Mearm.
450 1278 525 1356 6593
554 1273 725 1360 ώροοίοφι
747 1273 836 1360 apud
857 1272 1050 1341 Alcmauem
1069 1273 1109 1340 ir.
1132 1277 1184 1355 42,
1207 1277 1236 1339 5.
1279 1273 1419 1342 Lesbia-

291 1396 367 1443 cum
389 1381 423 1442 et
449 1371 577 1463 cipum
602 1380 638 1441 et
665 1369 787 1461 dpoeccc
815 1381 877 1442 est.
922 1373 960 1442 G.
983 1374 1119 1443 Curtius
1142 1379 1203 1441 326
1231 1379 1266 1440 et
1289 1374 1370 1440 Fick
1390 1375 1416 1458 I,

224 1474 238 1507 ¹
294 1482 353 1543 162
381 1477 524 1566 οὐρανός
545 1497 620 1543 cum
647 1478 809 1543 sanscrito
831 1478 985 1547 Varunas
1014 1481 1218 1561 comparant,
1248 1474 1297 1541 ita
1318 1480 1356 1541 ut
1377 1496 1418 1545 ex

290 1580 451 1666 *foooevig
472 1579 632 1667 *ὀοραοός
647 1578 778 1665 donate
792 1578 915 1659 dorice,
936 1577 1076 1662 οὐρανός
1097 1576 1279 1660 vulgariter
1296 1573 1416 1662 ὅροινος

290 1680 446 1762 lesbiaco,
468 1679 669 1763 digammate
684 1680 808 1747 amisso
823 1679 950 1746 iactum
965 1676 1019 1747 sit.
1034 1679 1109 1746 vid.
1125 1678 1217 1746 Gurt.
1233 1678 1327 1745 elom.
1344 1682 1415 1745 532.

379 1812 483 1895 ὥρος
504 1805 530 1886 1,
554 1810 603 1871 77.
625 1806 684 1887 III,
707 1809 757 1871 45.
780 1805 835 1888 IV,
858 1811 908 1872 35.
931 1805 1002 1886 VH,
1027 1809 1185 1872 116151.
1214 1796 1416 1893 οὖροςΧΙΠ,

292 1914 342 1977 59.
367 1913 417 1975 64.
453 1905 531 1995 ὅρος
559 1906 618 1987 ΠΙ,
641 1911 670 1973 2.
704 1905 759 1988 Ν,
786 1912 836 1973 56.
864 1907 935 1988 VH,
966 1911 1015 1972 73.
1047 1906 1132 1989 XXI,
1160 1912 1189 1972 2.
1233 1907 1415 1973 Ahrensius

292 2011 323 2076 d.
347 2011 378 2077 d.
402 2014 462 2074 162
492 2012 633 2088 veretur,
666 2028 707 2074 ne
728 2007 856 2075 formae
876 2014 914 2075 ut
942 2003 1056 2094 ὥρους,
1079 2006 1169 2094 eipso
1196 2028 1262 2076 non
1290 2009 1357 2075 sint
1378 2029 1417 2073 ex

291 2112 366 2196 ipsa
379 2109 503 2177 Doride
524 2108 658 2193 petitae,
681 2109 740 2183 sed
756 2109 935 2176 secundum
949 2110 1138 2195 analogiam
1158 2109 1266 2177 fictae.
1303 2109 1417 2192 Neque

291 2211 426 2296 quidem
453 2209 639 2294 negandum
662 2215 722 2293 est,
750 2211 891 2277 formam
913 2201 998 2294 ὦρος
1024 2210 1195 2295 hucusque
1216 2210 1252 2276 in
1274 2209 1419 2277 dialecto

293 2312 408 2379 dorica
428 2311 574 2379 nondum
595 2312 830 2397 investigatam
851 2333 935 2394 esse,
964 2312 1023 2377 sed
1044 2311 1100 2379 hic
1121 2332 1187 2378 non
1209 2332 1249 2380 ea
1270 2331 1325 2378 res
1347 2310 1417 2394 agi·

290 2421 355 2495 tur,
377 2419 490 2480 utrum
513 2406 598 2499 οὖρος
623 2416 658 2481 in
681 2415 796 2483 doride
818 2415 949 2499 legatur
970 2433 1082 2495 necne,
1117 2414 1176 2480 sed
1197 2419 1310 2480 utrum
1333 2403 1417 2499 ὤρος

291 2516 334 2582 ab
365 2516 496 2599 ingenio
531 2517 665 2600 linguae
697 2515 846 2583 Graecae
879 2515 1060 2582 abhorreat
1094 2535 1137 2581 an
1167 2535 1207 2580 ex
1241 2513 1417 2598 disciplina

291 2616 508 2699 grammatica
536 2611 622 2705 ὦρος
652 2616 811 2704 explicari
844 2617 961 2702 possit.
1017 2611 1120 2705 cicccc
1151 2614 1274 2699 legitur
1306 2620 1417 2681 autem

292 2717 381 2800 apud
402 2718 560 2783 Alcaeum
582 2717 620 2784 ir.
636 2722 686 2800 74,
708 2713 820 2803 οὔρεσι
841 2739 893 2802 ap.
917 2718 1038 2803 Sapph.
1058 2722 1109 2799 44,
1126 2723 1155 2784 7.
1178 2711 1277 2805 οὖρος
1299 2715 1416 2784 deinde

291 2817 399 2884 forma
419 2818 530 2884 ionica
551 2823 586 2885 et
607 2818 701 2903 epioe.
724 2819 849 2885 dicitur
871 2819 964 2886 Gurt·
983 2820 1075 2886 elem.
1097 2822 1159 2884 325
1182 2816 1261 2904 ὅρος
1282 2817 1416 2902 vulgare

292 2940 369 2986 cum
393 2916 558 2986 sanscrito
579 2919 671 3003 giris,
704 2920 795 2986 aeud.
817 2921 912 3004 gairi,
945 2921 1110 2988 slovenico
1133 2939 1214 3003 gora
1247 2924 1417 3006 comparat

292 3026 325 3087 et
348 3021 485 3105 stirpem
502 3022 577 3107 jvar
598 3042 672 3088 esse
692 3026 802 3109 putat3
840 3043 879 3088 ex
908 3043 972 3106 quo
999 3028 1108 3089 ortum
1136 3028 1188 3088 est
1213 3021 1324 3108 *yfog
1352 3027 1417 3108 sog

291 3121 482 3207 (vestigium
504 3123 718 3208 digammatis
747 3125 782 3191 in
803 3124 938 3214 Βορρᾶς
965 3121 1107 3207 relinqui
1134 3123 1313 3190 verisimile
1340 3122 1415 3209 est).

291 3224 413 3289 Forma
427 3230 491 3310 feo
513 3226 729 3309 quamdicunt
749 3226 980 3311 panhellenica
995 3225 1190 3293 conicienda
1211 3228 1314 3291 estet
1327 3222 1417 3292 velut

292 3346 331 3391 ex
357 3327 496 3410 fagalae
519 3326 650 3411 ώροίος,
679 3325 819 3411 οὐρανός
840 3323 969 3414 ὅροιοος,
1000 3328 1050 3395 ita
1078 3348 1118 3393 ex
1145 3321 1279 3415 *frig-cg
1308 3322 1416 3411 *ὄορος

290 3427 492 3514 interposeto
515 3419 601 3514 οἶρος
622 3427 746 3509 dorico,
778 3422 875 3517 οὖρος
896 3419 1013 3510 ionice,
1047 3424 1123 3513 ὅρος
1143 3428 1335 3512 vulgariter,
1368 3425 1416 3492 dl·

202 3584 203 3587 ,
291 3535 455 3612 gammate
482 3527 604 3595 amisso
634 3528 757 3597 iactum
785 3551 859 3600 csse
886 3530 1026 3598 videtur.
1069 3528 1172 3597 Plura
1198 3529 1239 3595 de
1265 3550 1295 3613 g,
1316 3530 1416 3611 yf,f

150 3688 156 3699 ,
294 3630 385 3714 apud
406 3629 444 3696 G.
468 3628 558 3697 Ourt.
581 3628 621 3697 el.
643 3636 716 3700 439.

376 3757 497 3833 δῶλος
522 3757 561 3839 V,
586 3763 603 3823 5
631 3764 666 3824 et
695 3760 805 3825 ariao
834 3759 876 3841 Π,
899 3763 940 3825 94
968 3763 1003 3824 et
1025 3756 1152 3823 Gallim.
1175 3756 1249 3823 Ger.
1271 3760 1322 3823 96.
1352 3744 1441 3821 dor-⁶

291 3859 438 3933 λέυοετος
453 3865 486 3925 et
501 3861 700 3942 δολοὸομεῖς
721 3862 810 3945 apud
823 3859 1037 3948 Hesychium3
1061 3859 1102 3927 de
1122 3857 1320 3947 etymologia
1334 3856 1418 3923 nihil

292 3958 376 4027 certi
398 3964 529 4027 constet
550 3961 613 4028 vid.
636 3962 725 4031 Gurt.
749 3964 789 4030 el.
812 3966 885 4029 220.

379 4078 432 4151 ola
459 4085 497 4150 V.
519 4090 571 4153 21.
594 4091 644 4153 69.
667 4094 717 4156 71.
748 4088 836 4172 VIII,
859 4093 887 4156 5.
912 4095 960 4156 11.
983 4095 1034 4160 29.
1058 4093 1108 4155 64.
1140 4086 1227 4170 XIV,
1254 4089 1305 4152 29.
1342 4080 1420 4152 οὖν

293 4189 345 4255 bis
367 4188 437 4272 xx,
461 4192 511 4255 το.
532 4192 584 4254 eo.
605 4191 684 4270 γον
705 4189 760 4272 xi,
784 4196 802 4258 ο
826 4191 867 4258 of.
889 4191 968 4258 aur.
991 4191 1078 4263 uc.
1100 4196 1170 4258 lov.
