3216 5076
772 574 813 636 46

320 734 354 824 7)
387 762 403 802 ε
432 744 466 803 et
497 760 528 803 οι
558 738 710 804 contrahi
740 760 805 805 non
836 738 953 820 solent,
983 746 1020 806 ut
1052 747 1205 828 φορέοιτο
1230 739 1256 821 Ι,
1286 745 1356 807 119.
1387 740 1500 812 ent

232 839 404 927 θρνλέοιμι
429 843 498 907 141.
522 839 664 905 θέοισαν
686 841 740 922 VI,
766 845 813 906 12.
842 846 996 926 φορέοιεν
1017 842 1086 925 XV,
1109 848 1159 909 98.
1188 844 1358 929 φιλέοιοαι

236 948 306 1009 105.
344 942 535 1024 εὐμινέοισα
556 942 657 1024 XVII,
687 947 737 1008 62.
774 943 957 1009 ποθέοισαι
978 944 1096 1026 XVIII,
1118 950 1168 1011 43.
1209 950 1359 1026 μογέοιιν

233 1046 302 1127 XX,
326 1049 376 1110 42.
399 1045 565 1126 ehericum
588 1050 637 1111 76.
662 1052 824 1134 φορέοισα
846 1045 948 1127 XXII,
966 1051 1020 1127 113
1044 1047 1146 1113 semel
1161 1046 1357 1114 contrahun-
1434 1066 1485 1142 ,φ

233 1152 301 1212 tur:
324 1146 443 1211 δινοῖτε
465 1147 507 1229 Π,
530 1152 581 1213 41.

319 1246 353 1336 8)
376 1272 392 1312 ε
414 1255 448 1316 at
469 1272 508 1314 ον
536 1255 653 1334 aperta
676 1251 809 1333 saepius
841 1250 995 1332 leguntur
1016 1255 1054 1315 ut
1075 1256 1251 1336 φρονέουσι
1264 1248 1357 1330 XVI,
1408 1269 1457 1333 54
1475 1266 1515 1317 ca

233 1355 283 1417 23.
321 1351 502 1438 φιλεούσης
523 1351 625 1433 XVII,
647 1356 698 1417 42.
734 1351 958 1439 ιύφρανέονσι
979 1352 1049 1433 XX,
1074 1356 1143 1418 178.
1181 1357 1358 1437 κρατέουσι

233 1458 304 1519 213.
363 1453 499 1539 Aliquid
539 1452 704 1519 offendere
741 1453 894 1519 videntur
929 1453 1056 1520 formae
1094 1459 1286 1520 contractae
1322 1458 1360 1519 ut

230 1556 406 1642 βομβοῦσαι
427 1556 485 1637 ΠΙ,
503 1560 551 1621 16.
574 1556 795 1637 νιοιολογεὺσα
817 1560 867 1621 31.
889 1555 1065 1621 ποθοῦσαν
1082 1555 1121 1636 V,
1134 1561 1183 1622 56.
1206 1557 1358 1621 καλοῦσα

231 1656 286 1739 VI,
310 1663 339 1722 7.
384 1657 546 1732 δοκεύσας
567 1658 623 1740 ΙΧ,
646 1662 696 1724 25.
740 1657 889 1740 ναθιῦσι
919 1662 970 1723 36.
1015 1662 1168 1744 φοροῦσα
1188 1657 1257 1739 XV,
1282 1663 1357 1739 105;

232 1758 330 1824 huius
346 1760 436 1826 modi
458 1759 584 1826 formae
599 1760 771 1845 hucusque
786 1759 876 1845 apud
891 1758 1102 1824 Theocritum
1117 1759 1223 1825 solum
1243 1759 1358 1842 legun·

228 1867 303 1942 tur3
341 1882 426 1945 quae
462 1883 566 1946 neque
600 1862 762 1928 dialectue
799 1860 915 1927 dorica
949 1881 1055 1945 neque
1092 1859 1218 1927 aeolica
1253 1881 1358 1945 neque

231 1963 396 2056 Homerus
428 1963 629 2048 suppeditat.
685 1962 756 2042 Quo
786 1963 913 2028 factum
946 1967 1005 2044 eet,
1036 1967 1074 2028 ut
1097 1964 1168 2048 jam
1197 1961 1358 2028 Ahreneio

232 2072 407 2150 suspectae
428 2066 621 2131 viderentur
642 2065 683 2132 cf.
706 2066 785 2131 Ahr.
809 2066 839 2131 d.
863 2065 894 2130 d.
917 2067 989 2129 214.

317 2165 351 2252 9)
378 2189 431 2231 σαι
458 2186 703 2249 nonnumquam
734 2170 886 2250 apertum
914 2165 1114 2249 relinquitur
1146 2172 1184 2231 ut
1215 2167 1359 2247 ἐιιείγιαι
1408 2158 1534 2228 &W

231 2267 287 2346 VI,
310 2269 361 2331 24.
391 2265 460 2346 XX,
490 2269 539 2329 63.
583 2264 768 2349 conticeat
795 2264 850 2344 VI,
873 2270 932 2355 171.
953 2308 956 2317 «
977 2267 1138 2331 ἀκούσεαι
1159 2267 1278 2350 XXIII,
1299 2271 1358 2348 213

232 2366 317 2432 alias
349 2366 518 2448 vulgarem
550 2365 584 2429 in
616 2364 779 2432 rationem
811 2365 1036 2431 contrahitur:
1072 2369 1184 2450 γνώσῃ
1215 2368 1302 2450 ΧΧΙ,
1329 2375 1357 2435 9.

231 2469 356 2552 οὶνοισῇ
378 2467 403 2548 I,
427 2472 454 2532 3.
491 2467 586 2556 λαφῇ
608 2473 637 2533 4.
663 2472 711 2531 16.
743 2464 811 2551 οἰοῖ]
829 2465 868 2548 V,
891 2471 942 2532 31.
978 2465 1180 2553 βουκολιαξῇ
1202 2473 1255 2535 44.
1276 2474 1359 2554 ὲσσῇ
1460 2462 1501 2575 ᾖ

231 2569 270 2663 X,
294 2574 322 2634 5.
344 2566 468 2654 ἑργαξῇ
490 2574 541 2636 23.
565 2573 638 2653 othy
659 2568 747 2650 XIII,
769 2571 821 2633 21.
844 2565 983 2655 φθινξῇ
1005 2568 1090 2650 XIV,
1114 2572 1164 2633 22.
1187 2565 1292 2656 φινξῇ
1309 2575 1358 2637 54.

316 2670 506 2737 Verborum
528 2671 562 2736 in
592 2672 638 2734 όω
667 2676 911 2736 contractorum
933 2671 1023 2753 apud
1044 2670 1255 2736 Theocritum
1276 2671 1359 2738 haee
1393 2697 1421 2742 ο
1442 2689 1463 2732 e
1482 2661 1516 2710 ⁹³

232 2771 385 2853 leguntur
417 2772 583 2854 exempla:
619 2773 741 2856 πληροῖ
761 2771 799 2853 V,
823 2776 873 2837 86.
911 2770 996 2853 VIII,
1018 2775 1069 2837 89.
1108 2770 1208 2850 ζαλοῖ
1230 2772 1285 2853 VI,
1308 2778 1358 2839 27.
1398 2786 1419 2817 ²
1447 2759 1490 2810 θ’
1561 2816 1563 2821 ,

230 2872 326 2936 δίδον
347 2872 372 2953 I,
397 2878 467 2939 130.
497 2875 657 2961 πληροῦσι
678 2875 763 2956 VIII,
787 2879 838 2955 41,
860 2892 946 2959 quae
969 2894 989 2939 a
1009 2873 1124 2957 Iingua
1144 2873 1274 2957 vulgari
1294 2895 1357 2940 non
1404 2879 1424 2907 ²
1458 2835 1507 2893 ⁰⁰

233 2972 360 3039 distare
392 2975 606 3042 manifestum
634 2982 699 3042 eet.
750 2974 800 3040 Ex
833 2975 950 3043 deride
984 2974 1147 3042 severiore
1177 2972 1358 3039 infinitivus

229 3076 347 3175 Qu
366 3074 406 3157 X
428 3079 470 3142 48
493 3083 642 3160 sumptus
665 3083 724 3144 est.
