3216 5076
809 583 911 647 59,

354 753 404 819 Ad
435 753 659 836 genetivum
690 752 862 835 pluralis
895 751 1103 818 formandum
1134 752 1200 818 duo
1223 751 1342 819 suffixa
1372 775 1392 818 a

268 856 382 938 lingua
398 854 528 920 Graeca
550 854 701 920 adhibita
723 858 808 937 sunt,
830 875 971 939 qnorum
992 856 1134 921 alterum
1155 893 1198 902 -
1222 854 1293 921 sam
1315 853 1392 920 stir-

268 958 360 1043 pium
382 958 416 1022 16
438 956 459 1021 i
480 956 643 1023 vocalium
659 961 692 1021 et
705 957 990 1040 pronominalium,
1012 957 1153 1023 alterum
1168 956 1392 1023 autem-am

268 1059 471 1143 reliquarum
486 1060 631 1124 omnium
650 1058 819 1143 proprium
842 1065 903 1125 est.
938 1060 986 1127 Ac
1007 1062 1150 1145 primum
1165 1059 1298 1144 quidem
1312 1057 1392 1138 -am,

269 1161 395 1227 Graece
417 1183 490 1236 -ων,
522 1159 638 1225 Latine
659 1179 730 1224 -um
750 1160 992 1243 respiciendum
1014 1167 1084 1242 est,
1107 1182 1173 1245 qua
1195 1162 1229 1226 in
1250 1180 1287 1226 re
1314 1180 1391 1226 raro

269 1262 315 1344 fit,
338 1269 375 1328 ut
396 1262 591 1328 Theocritus
615 1282 635 1328 a
656 1260 770 1343 lingua
791 1262 921 1345 vulgari
944 1264 1118 1347 discrepet.

354 1364 481 1448 Stirpes
496 1363 532 1428 16
553 1387 565 1425 ι
587 1362 750 1429 rationem
765 1362 913 1428 doricam
928 1372 1122 1448 sequuntur:
1144 1365 1283 1430 πολέ-ων
1294 1362 1393 1444 XVII,

268 1473 306 1533 81
332 1465 427 1552 (11.1,
452 1451 527 1550 125)
549 1464 670 1529 πολίων
691 1463 725 1527 16
752 1463 851 1529 inser.
874 1464 983 1531 Herm.
1007 1465 1091 1533 (1.1.
1114 1466 1170 1532 Gr.
1195 1471 1284 1531 1193.
1315 1486 1393 1550 apv-

268 1576 405 1635 τωνί-ων
428 1567 573 1652 Astypal.
596 1569 688 1630 2484.
710 1568 811 1645 2485;
835 1566 875 1631 61.
897 1568 1055 1635 latinum:
1078 1569 1247 1648 hosti-um,
1271 1565 1392 1650 stirpes

267 1672 302 1737 in
323 1693 365 1751 ες,
387 1692 405 1745 ς
427 1668 595 1735 amittunt:
616 1667 730 1741 *ές-ων
753 1672 840 1751 έ-ων,
863 1691 948 1754 quae
969 1670 1076 1739 forma
1098 1677 1132 1736 et
1146 1668 1322 1737 Homerica
1342 1671 1394 1732 est

267 1771 331 1839 vid.
354 1772 459 1858 ὀρέων
480 1769 567 1850 VIII,
583 1774 654 1834 410.
676 1770 794 1847 λεχέων
816 1770 849 1834 11.
872 1770 927 1852 XI,
945 1776 960 1834 l
986 1771 1060 1837 alia.
1097 1771 1294 1837 Theocritus
1309 1768 1392 1833 haec

266 1874 417 1956 praebet:
454 1872 584 1937 θνέ-,ων
611 1871 653 1953 11,
684 1875 732 1936 16.
777 1875 891 1936 ἑτέ-ων
922 1872 1006 1953 XIV,
1039 1876 1069 1938 6.
1112 1872 1307 1953 δνςμενέ-ων
1340 1874 1391 1934 84.

266 1976 400 2057 psit-on
421 1975 522 2049 XVII,
546 1978 596 2039 22.
617 1979 741 2060 νεφέων
763 1979 814 2039 71.
836 1973 974 2059 κερδέων
995 1975 1081 2058 XVI,
1098 1982 1150 2055 153
1172 1994 1256 2060 quae
1278 1971 1393 2038 dorica

267 2098 408 2163 quoque,
425 2077 533 2144 forma
558 2081 619 2143 est.
662 2077 701 2141 In
730 2076 838 2141 titulis
866 2098 943 2142 vero
965 2077 1145 2144 Rhodiacis
1173 2082 1206 2144 61
1234 2072 1392 2141 Thoracis

268 2185 331 2245 έων
353 2180 387 2243 16
411 2182 458 2242 ῶν
480 2178 630 2243 contrahi
653 2178 744 2257 solet,
766 2180 907 2242 uternis
929 2177 962 2241 16
984 2180 1083 2246 inser.
1105 2179 1208 2245 Rhod.
1233 2174 1316 2244 (1.1.
1338 2173 1392 2239 Gr.

269 2285 361 2346 2905.
384 2282 553 2360 συγγενῶν
575 2279 670 2344 Ther.
694 2281 787 2343 2448.
832 2276 933 2343 Cuius
958 2281 1080 2365 speciei
1103 2302 1203 2345 unum
1227 2276 1393 2362 exemplar

268 2381 357 2465 apud
379 2379 591 2446 Theocritum
612 2379 749 2463 legitur:
771 2379 877 2460 μελῶν
899 2379 1000 2460 XVII,
1018 2385 1073 2462 633
1096 2379 1202 2444 forma
1223 2383 1394 2445 contracta
1416 2357 1429 2390 ⁶

153 2502 157 2511 ·
269 2490 302 2549 61
322 2483 455 2566 linguae
477 2481 621 2564 vulgaris
645 2486 677 2546 et
695 2482 765 2566 jam
779 2480 915 2546 Homeri
935 2481 1071 2567 propria
1086 2487 1137 2547 est
1157 2482 1226 2547 vid:
1250 2480 1391 2558 στηθῶν

267 2586 300 2651 11.
324 2585 362 2666 X,
385 2588 435 2649 95.
457 2585 585 2670 κερδῶν
607 2583 658 2650 cd.
682 2583 769 2663 VIII,
795 2588 864 2648 164.
886 2622 929 2631 -
952 2583 1058 2669 Stirps
1079 2586 1114 2649 in
1136 2607 1168 2649 v:
1190 2582 1330 2649 νεκύ-ων
1349 2581 1391 2662 II,

270 2693 318 2753 13.
340 2685 459 2768 XXIII,
483 2690 587 2750 30-
609 2688 644 2751 in
665 2708 708 2752 aa:
731 2684 863 2772 ἠρῶ-ων
884 2686 972 2767 XIII,
993 2692 1043 2768 25,
1076 2688 1110 2751 16
1132 2710 1189 2752 ccv:
1212 2689 1299 2764 νηῶν
1321 2683 1390 2764 XX,

270 2794 318 2870 18,
347 2810 387 2853 611
408 2791 551 2868 corf-cim
582 2789 702 2873 stupes
730 2788 764 2852 in
790 2788 1015 2876 aestifer
1046 2790 1213 2873 digamma
1235 2788 1392 2854 amittunt

267 2898 300 2957 et
321 2916 337 2956 ε
358 2891 393 2955 16
414 2914 434 2969 η
455 2891 653 2973 producunt:
675 2890 857 2975 βασιλῆ-ων
871 2889 972 2974 XVII,
989 2896 1027 2955 12
1043 2890 1090 2977 (il.
1106 2890 1131 2973 I,
1149 2891 1233 2975 176).
1264 2889 1390 2971 Stirpes

266 2994 340 3058 166
372 3014 454 3057 οων
486 2992 521 3056 16
553 3014 599 3056 ων
631 2992 841 3075 contrahunt,
873 2994 1000 3076 quain
1031 3014 1068 3057 re
1094 2992 1289 3058 Theocritus
1315 3010 1390 3056 cum

229 3142 231 3146 ,
264 3096 379 3178 lingua
400 3094 529 3177 vulgari
557 3095 655 3180 plane
678 3094 821 3161 66661611
850 3101 899 3161 ut:
937 3095 1089 3181 φυτό-ων
1110 3094 1134 3174 I,
1158 3098 1208 3160 33.
1245 3093 1390 3175 λέκτρων

265 3197 307 3278 II,
326 3201 395 3264 138.
438 3197 585 3275 Quocum
600 3198 787 3279 comparari
809 3202 949 3279 possunt
970 3197 1111 3279 genetivi
1131 3196 1228 3262 latini
1241 3193 1392 3260 1111161161

265 3298 395 3365 Lucret.
417 3299 441 3375 Ι,
466 3302 507 3363 54
529 3298 638 3364 divom
660 3298 755 3364 anr.
777 3298 803 3380 I,
829 3302 897 3380 155,
921 3303 1092 3380 nostr-uin,
1114 3305 1283 3364 vestr-um.

351 3399 473 3483 Stirpis
502 3401 537 3465 16
564 3422 598 3473 ω,
613 3400 790 3468 femininae
818 3400 1076 3468 616666611666
1104 3399 1265 3483 singulari
1291 3398 1390 3463 modo

265 3501 450 3585 genetivum
471 3494 617 3584 ‘pluralis
643 3502 729 3567 -sam
756 3503 855 3569 affixo
884 3503 1018 3583 faciunt,
1054 3503 1088 3567 id
1118 3501 1206 3584 quod
1233 3503 1390 3565 accentus

267 3625 395 3690 semper
431 3602 661 3671 circumflexus
699 3605 912 3672 demonstrat
977 3607 1097 3671 Forma
1140 3623 1225 3688 quae
1269 3601 1391 3667 dicitur

265 3706 524 3773 Graeco-italica
546 3711 597 3772 est
619 3705 737 3789 1-6016,
759 3728 799 3773 ex
821 3728 887 3789 qua
900 3706 1029 3772 Graeca
1051 3728 1137 3771 ω-ων
1159 3727 1181 3768 6
1202 3703 1283 3770 eliso
1307 3709 1339 3768 et
1358 3724 1390 3768 m

264 3809 299 3872 in
320 3830 341 3873 6
371 3809 549 3874 secundum
579 3809 737 3874 indolemv
752 3808 885 3891 linguae
909 3807 1056 3874 Graecae
1086 3813 1214 3875 mutato
1243 3804 1389 3883 -ὑλά-ων,

264 3909 380 3976 Latine
417 3931 526 3976 a-rum
562 3909 765 3976 rhotacismo
802 3909 917 3976 1161166
945 3931 1042 3994 quem
1067 3910 1182 3977 dicunt
1218 3906 1388 3976 silva-rum

264 4008 438 4075 emanavit.
478 4010 548 4076 ῶων
576 4031 653 4077 vero
675 4013 710 4076 in
732 4012 888 4095 genetiuis
911 4011 1094 4079 Homericis
1118 4014 1310 4100 saepissime
1333 4032 1390 4095 ap-

263 4115 359 4196 paret
379 4116 418 4176 ut
437 4113 611 4192 μουσά-ων
631 4113 668 4179 il:
685 4113 711 4195 I,
735 4117 806 4180 604.
828 4113 1031 4196 μελισσάων
1052 4115 1197 4182 ῶδινῶων
1218 4114 1313 4196 1111,
1336 4118 1387 4180 87.

263 4214 468 4300 ἐρχομενάων
494 4214 528 4283 il.
550 4214 592 4300 11,
614 4219 665 4282 91.
710 4215 816 4298 Quam
842 4216 1006 4286 rationem
1026 4217 1220 4291 Theocritus
1247 4236 1389 4288 nonnus·
