3216 5076
795 602 830 660 61

258 765 375 843 XXIII,
399 770 427 830 3.
471 765 536 846 tyci
558 787 802 849 nonnumquam
823 788 935 849 -γα-γε
959 773 1098 849 augetur
1120 774 1157 833 ut
1179 772 1305 850 thor-yn
1321 767 1377 849 XI,

261 870 330 934 123.
367 868 480 948 ἔγω-γε
502 867 586 948 XVI,
611 873 680 934 106.

344 967 452 1053 Stirps
490 969 653 1035 secundae
688 990 850 1055 personae
884 976 939 1037 tva
975 976 1035 1053 661,
1071 969 1178 1038 forma
1214 972 1379 1038 sanscrita

258 1074 371 1151 tva-m,
396 1070 531 1137 zendica
553 1072 647 1151 tui-m,
670 1071 775 1138 latina
795 1073 841 1154 tn,
863 1074 974 1156 getica
996 1071 1065 1154 thu,
1088 1071 1218 1139 Graeca
1238 1073 1316 1138 *afa
1338 1096 1378 1138 τυ

259 1192 343 1253 quae
377 1171 510 1237 dialecti
548 1172 682 1240 doricae
718 1172 853 1258 propria
890 1173 1106 1240 aTheocrito
1139 1174 1314 1241 maximam
1346 1176 1380 1240 in

258 1279 386 1355 partem
408 1274 559 1341 adhibita
582 1280 641 1340 est.
685 1274 810 1357 Lingua
831 1275 977 1358 vulgaris
999 1276 1039 1339 rt
1061 1275 1095 1340 in
1118 1276 1160 1339 σύ
1182 1276 1319 1343 mollivit
1341 1284 1379 1341 nt

259 1379 367 1439 stacta
388 1375 422 1441 in
444 1381 559 1441 εἴκοσι.

347 1478 564 1544 Accusativus
581 1477 682 1563 stirps
697 1498 781 1562 pura
796 1482 859 1543 est:
881 1501 920 1561 pe
937 1476 1011 1568 (aut
1026 1482 1110 1565 epe)
1125 1502 1140 1544 ε
1157 1478 1245 1562 quod
1268 1478 1382 1544 dicunt

259 1578 444 1661 prothetico
474 1601 524 1661 ps,
557 1601 641 1662 quae
669 1579 775 1645 forma
804 1577 950 1662 vulgaris
973 1586 1006 1645 61
1035 1580 1077 1645 ab
1101 1579 1243 1646 dialecto
1265 1580 1381 1645 dorica

260 1678 370 1747 aliena
392 1700 467 1746 cum
488 1682 593 1747 latino
616 1703 668 1748 me
691 1684 813 1767 optime
837 1682 988 1765 quadrat.

344 1784 433 1861 ape
451 1805 535 1868 quae
558 1784 694 1850 dialecti
715 1782 848 1849 doricae
871 1788 922 1848 661
942 1782 1075 1865 legitur:
1098 1781 1156 1863 111,
1180 1786 1230 1849 38.
1252 1782 1306 1865 IV,
1330 1788 1359 1849 3.

345 1890 390 1948 τέ
408 1905 447 1951 ex
468 1890 529 1951 vfs
552 1873 753 1970 digammate
775 1884 897 1950 amisso
914 1883 1003 1966 apud
1018 1883 1208 1949 Alcmenam
1230 1883 1382 1950 6121666-

262 1985 379 2051 critum
401 1987 425 2067 I,
450 1991 477 2051 5.
500 1985 673 2069 reperitur.

345 2084 393 2149 tr)
416 2109 501 2172 quae
515 2087 622 2153 forma
638 2087 792 2153 enclitica
807 2108 846 2152 ex
859 2086 937 2152 *ess
953 2110 967 2152 ε
991 2085 1115 2152 amisso
1130 2091 1164 2153 et
1184 2090 1209 2151 f
1230 2087 1264 2151 in
1286 2106 1382 2152 voca-

260 2187 326 2252 lem
351 2192 477 2255 mutato
505 2193 619 2254 exorta
646 2210 719 2255 6666
748 2188 886 2269 videtur,
915 2187 1048 2253 dialecti
1077 2188 1209 2254 doricae
1237 2189 1382 2273 propria,

236 2368 240 2376 .
262 2289 456 2370 saepissime
485 2289 669 2355 exhibetur:
706 2289 764 2370 III,
789 2293 837 2355 18.
860 2293 910 2353 23.
932 2288 986 2370 IV,
1009 2293 1059 2355 49.
1081 2289 1119 2365 V,
1142 2294 1192 2355 41.
1218 2293 1288 2354 148.
1312 2287 1381 2357 150.

261 2389 331 2472 vx,
354 2395 404 2455 as.
426 2395 477 2456 43.
503 2390 681 2469 14611111,
707 2396 756 2457 aa
780 2396 830 2456 66.
852 2391 891 2472 x,
914 2393 964 2454 66.
986 2390 1041 2472 xx,
1065 2394 1093 2456 2.
1117 2394 1166 2455 66.
1189 2390 1258 2470 xv,
1280 2395 1332 2456 46.

346 2492 454 2577 Stirps
494 2493 698 2577 pronominis
739 2505 900 2577 personae
939 2493 1059 2559 tertiae
1102 2512 1158 2557 sva
1199 2491 1233 2556 in
1268 2491 1382 2574 lingua

261 2593 389 2660 Graeca
417 2594 547 2677 integra
580 2617 647 2682 σφε
680 2602 833 2680 apparet3
867 2590 934 2681 666
967 2598 1078 2660 66166
1107 2614 1167 2678 pro
1191 2586 1396 2660 accusativo

259 2696 400 2780 pluralis
422 2695 542 2763 Graeci
565 2699 614 2764 uti
637 2698 752 2779 solent,
775 2695 971 2762 Theocritus
996 2694 1064 2777 XV,
1080 2699 1130 2776 20,
1153 2701 1186 2760 61
1206 2710 1252 2784 pra
1275 2695 1382 2761 forma

263 2796 470 2881 Syracusana
499 2798 553 2880 IV,
583 2804 611 2865 3.
662 2798 812 2864 1161666
839 2819 874 2863 sv
906 2798 1027 2863 amisso
1051 2801 1085 2862 et
1113 2797 1234 2879 spiritu
1263 2818 1381 2884 aspero

261 2898 377 2965 relicto
399 2900 583 2966 &exortum
606 2907 665 2982 est,
693 2900 780 2985 quod
804 2898 892 2984 apud
913 2898 1123 2965 Theocritum
1144 2899 1308 2967 usitatum
1330 2904 1382 2964 661

260 3000 315 3082 IV,
339 3004 390 3068 53.
412 3000 450 3082 v,
473 3005 523 3066 aa
547 3000 632 3083 vm,
658 3008 705 3068 19.

346 3102 503 3168 Dativum
526 3102 689 3169 Graecum
715 3102 893 3168 leontinum
916 3104 949 3166 et
971 3098 1116 3164 dativum
1139 3099 1384 3182 indegermani·

262 3226 337 3270 cum
360 3204 539 3287 continere,
556 3206 626 3292 jam
650 3226 750 3290 supra
765 3203 887 3268 dictum
905 3205 969 3282 est;
991 3200 1118 3267 formae
1132 3202 1276 3284 locativi,
1299 3222 1383 3287 quae

261 3327 282 3372 a
305 3307 407 3391 stirpe
429 3306 463 3372 in
491 3330 509 3371 o
535 3305 639 3373 flexae
662 3309 797 3371 666161
818 3309 929 3380 olan-e,
957 3302 1072 3380 66166,
1093 3326 1172 3385 pao-e,
1194 3327 1271 3381 σο-ι,
1293 3307 1325 3368 οἱ
1350 3305 1382 3368 16

261 3428 358 3473 usum
392 3428 597 3475 communem
623 3408 836 3488 transierunt,
868 3425 974 3489 neque
1001 3425 1064 3471 eas
1084 3405 1279 3473 Theocritus
1306 3426 1383 3471 con·

262 3508 411 3595 tempsit:

346 3622 412 3693 μσι
441 3610 572 3695 quoda
596 3609 737 3675 dialecto
760 3608 873 3674 dorica
893 3627 960 3673 non
982 3607 1139 3673 abhorret
1164 3609 1205 3691 II,
1231 3614 1258 3674 1.
1281 3614 1310 3674 4.
1333 3613 1383 3674 81.

263 3714 407 3778 94143.
433 3717 502 3779 149.
528 3717 596 3777 152.
623 3711 681 3792 ΙΠ,
706 3717 733 3776 1.
759 3712 807 3774 12.
831 3712 880 3773 25.
907 3701 962 3790 IV,
985 3712 1014 3773 2.
1038 3713 1066 3773 3.
1089 3713 1140 3775 49.
1166 3709 1205 3791 V,
1228 3714 1257 3774 8.
1280 3713 1309 3775 9.
1334 3713 1383 3775 13.

265 3817 313 3876 57.
343 3813 414 3895 VII,
440 3818 508 3879 107.
531 3812 627 3894 ,VHL
651 3817 679 3877 6.
701 3817 752 3878 49.
781 3811 837 3892 ΙΧ,
860 3814 910 3876 16.
937 3810 993 3892 XI,
1015 3813 1066 3875 44.
1091 3816 1140 3878 50.
1165 3815 1214 3877 52.
1241 3811 1310 3893 XV,
1333 3816 1382 3877 35.

266 3918 315 3979 66.
337 3914 406 3995 xx,
431 3920 500 3982 135.

349 4021 433 4097 ἐμοι
462 4017 592 4100 quoda
615 4015 758 4082 dialecto
781 4015 894 4082 dorica
915 4015 1058 4082 alienum
1080 4022 1141 4099 661,
1172 4016 1273 4084 semel
1295 4013 1384 4100 apud

264 4117 475 4183 Theocritum
498 4119 670 4186 exhibetur
691 4115 777 4198 XIX,
798 4119 849 4181 49.

350 4242 413 4283 τοι
434 4218 540 4288 forma
562 4220 686 4288 doridis
710 4217 905 4302 antiquioris
929 4218 1131 4303 saepissime.
