3216 5076
830 594 848 653 9

280 781 379 842 quam
412 758 619 840 grammatici
647 757 830 837 ἀνάπτυξιν
860 762 979 822 vocant
1012 759 1046 821 in
1069 758 1192 839 primis
1223 757 1257 820 in
1288 757 1402 838 lingua

279 861 384 926 latina
400 865 545 943 apparet,
568 866 605 925 ut
623 861 721 943 *agro
738 881 817 944 ager
832 859 965 925 *dextro
981 861 1102 936 dexter,
1125 859 1240 936 dextra
1256 858 1401 922 dextera.

278 962 316 1026 lu
338 963 491 1047 δένδρεον
513 968 622 1027 autem
639 969 671 1028 et
693 963 856 1050 ἀδελφέος
875 987 890 1027 ε
912 983 977 1027 non
992 962 1153 1027 insertum
1167 965 1227 1027 est.
1254 960 1402 1043 δένδρεον

280 1065 365 1129 enim
387 1065 645 1147 reduplicatione
668 1086 708 1130 ex
730 1066 833 1147 stirpe
855 1065 914 1151 δρν
937 1069 1085 1128 exortum
1100 1070 1160 1146 est,
1181 1063 1244 1128 vid.
1260 1061 1297 1127 G.
1310 1061 1402 1127 Ourt.

279 1165 328 1230 El.
357 1169 429 1232 224.
478 1166 645 1252 ἀδελφεός
679 1174 790 1232 autem
818 1168 950 1232 brevius
976 1166 1103 1230 factum
1130 1187 1170 1231 ex
1194 1165 1402 1251 *ἀδελφέ-νος

280 1267 367 1350 quod
394 1274 543 1333 exortum
570 1276 621 1334 est
650 1290 688 1334 ex
721 1291 884 1347 oc=oum,
918 1269 1043 1356 δελφεέ
1072 1269 1402 1355 (δελφύςεοϊοοοο),

280 1367 397 1433 suffixo
411 1390 479 1434 ¹-eo-
501 1377 538 1434 ut
561 1371 605 1435 sit
627 1374 826 1453 couterinus,
850 1372 1011 1436 sanserite
1034 1371 1297 1455 sa-garbh-j·a-s.

736 1630 940 1638 .-—-—-—--—

428 1862 445 1946 ᾗ
469 1866 497 1926 2.
541 1862 592 1931 De
614 1864 793 1933 vocatibus
815 1866 930 1952 longis
954 1866 989 1930 et
1011 1861 1248 1949 diphthongis,

722 2039 756 2122 a)
783 2040 807 2101 οἳ
833 2056 903 2119 pro
929 2057 959 2111 η.

355 2209 386 2250 οι
411 2185 546 2269 longum
575 2210 635 2272 pro
661 2212 682 2265 η
708 2189 837 2270 vulgari
859 2188 1069 2252 Doriensium
1091 2208 1174 2269 esso,
1202 2188 1271 2268 jam
1293 2208 1402 2269 gram·

278 2290 418 2353 matioos
434 2289 586 2371 antiquos
602 2310 667 2353 non
683 2290 778 2371 iugit3
801 2309 883 2373 quos
900 2287 1032 2372 quidem
1048 2311 1121 2352 cum
1142 2289 1287 2369 linguam
1303 2310 1402 2372 quam

278 2396 395 2455 vocant
416 2390 526 2468 κοινήν
548 2411 612 2474 quo
635 2390 852 2455 dialectorum
874 2389 997 2453 formas
1020 2389 1223 2470 metirentur,
1245 2410 1401 2456 canonem

280 2492 343 2556 sibi
366 2497 542 2571 sumerent,
565 2512 662 2576 saepe
684 2512 823 2573 errasse,
854 2490 951 2555 facile
974 2490 1114 2574 intelligi
1135 2495 1254 2576 potest.
1297 2492 1340 2556 Et
1362 2514 1402 2558 ne

278 2593 363 2658 hanc
392 2593 524 2676 quidem
558 2615 628 2658 rem
658 2593 833 2676 diligenter
863 2593 1120 2657 observaverunt
1150 2593 1239 2658 velut
1266 2594 1402 2676 Gregor.

279 2694 353 2760 (lor.
380 2700 418 2759 79
451 2699 484 2758 οἱ
505 2697 645 2782 Δωριεῖς
667 2695 706 2760 τὸ
729 2699 749 2774 ν’]
771 2701 816 2770 εἰς
837 2699 861 2758 o'c
882 2699 1063 2778 τρέπουσιν,
1096 2695 1360 2779 quandoquidem
1383 2701 1403 2774 ν’]

277 2796 311 2861 in
327 2796 468 2861 dialecto
485 2798 600 2863 dorica
616 2819 681 2863 non
700 2798 845 2862 insolens
869 2802 927 2861 est.
964 2796 1069 2874 Quam
1083 2797 1246 2862 rationem
1268 2821 1292 2861 a
1313 2797 1402 2879 longi

277 2899 468 2964 reservandi
484 2899 647 2965 dialectos
664 2900 776 2965 dorica
792 2904 906 2964 secuta
922 2899 975 2979 sit,
990 2920 1031 2963 ne
1046 2899 1253 2981 grammatici
1269 2899 1402 2981 quidem

276 3000 478 3066 recentiores
491 3000 665 3083 diligenter
675 3005 844 3067 noverunt.
867 3000 1029 3082 Egregius
1043 3003 1172 3066 demum
1184 3000 1239 3065 ille
1248 3001 1403 3066 Ahrensii

276 3103 361 3168 liber
389 3103 430 3168 de
458 3103 597 3168 dialecto
621 3104 736 3170 dorica
757 3104 843 3168 hanc
870 3100 1041 3167 materiem
1076 3100 1158 3164 satis
1191 3101 1403 3166 adumbravit

278 3210 311 3269 et
334 3202 608 3288 inscriptionibus
625 3206 762 3271 Graecis
785 3209 819 3271 et
840 3222 1087 3284 nonnumquam
1103 3202 1280 3287 disciplina
1303 3225 1402 3286 quam

276 3311 395 3372 vocant
425 3308 650 3391 comparativa
681 3306 833 3373 adhibita
863 3305 969 3370 lucem
1002 3305 1043 3368 de
1073 3304 1137 3370 hac
1170 3327 1206 3370 re
1235 3305 1401 3388 dispersit.

277 3408 367 3486 Quae
393 3429 447 3472 res
470 3410 570 3473 etiam
596 3412 702 3474 textui
724 3408 919 3490 Theocriteo
947 3406 1152 3472 restituendo
1181 3408 1316 3473 maximi
1338 3407 1401 3472 fuit

277 3509 433 3573 momenti
463 3516 496 3574 et
523 3508 705 3576 Ahrensius
720 3513 805 3595 ¹ipse
833 3532 918 3594 quae
948 3509 1025 3574 inde
1058 3509 1251 3590 prodierant
1282 3530 1402 3593 magna

277 3630 352 3675 cum
384 3610 531 3677 utilitate
562 3612 725 3679 adhibuit.
777 3613 871 3678 Nunc
907 3612 1009 3695 igitur
1045 3616 1186 3692 constat,
1224 3611 1401 3676 dialectum

276 3712 420 3777 ionicam
443 3733 463 3776 a
478 3712 614 3796 longum
629 3714 807 3798 genuinum
821 3715 855 3778 in
869 3738 890 3793 η
911 3718 1059 3777 mutasse
1075 3711 1287 3795 linguamque
1303 3734 1402 3796 quam
1462 3771 1472 3783 ,

277 3813 391 3878 dicunt
412 3814 525 3892 κοινήν
546 3816 709 3882 rationem
732 3816 874 3882 ionicam
890 3835 1133 3896 nonnumquam
1148 3832 1221 3880 esse
1244 3822 1401 3896 secutam,

278 3915 458 3981 dialectum
481 3921 592 3980 autem
615 3918 764 3983 doricam
787 3938 807 3981 a
827 3917 910 3982 illud
933 3917 1108 3998 genuinum
1134 3915 1219 3982 locis
1243 3918 1342 3983 certis
1365 3923 1402 3980 ut

278 4016 405 4099 aliquid
429 4016 558 4099 antiqui
580 4038 775 4083 reservasse.
821 4017 978 4084 Similiter
1004 4020 1129 4083 factum
1151 4018 1257 4083 estin
1279 4017 1401 4098 linguis

277 4119 483 4201 germanicis,
506 4139 646 4202 quarum
669 4120 778 4202 getica
804 4118 943 4201 praebet
963 4120 1026 4205 jer,
1057 4121 1145 4201 vens,
1175 4119 1303 4200 stilum,
1324 4117 1401 4199 leta,

276 4220 414 4287 tiutisca
434 4242 511 4286 vero
532 4220 595 4304 jar,
617 4221 697 4303 wan,
721 4223 851 4306 stilum,
872 4222 955 4287 lanu.
998 4222 1184 4289 Videndum
1206 4225 1317 4286 autem
1339 4225 1400 4303 est,
