3216 5076
801 562 842 623 47

251 729 297 795 Et
316 727 359 794 M.
385 731 456 809 100,
480 730 531 792 32.
562 726 601 790 τὸ
634 727 670 792 dd
697 723 861 812 βαστάξω
890 729 947 791 καὶ
975 724 1129 806 νυστάξω
1156 728 1284 813 desponsi
1311 733 1381 794 ἐστι

248 831 341 897 κατὰ
365 826 490 917 τροπὴν
512 834 572 894 τοῦ
594 850 617 891 σ
638 834 683 904 εἰς
705 827 732 910 ξ.
776 828 878 894 Cuius
900 827 950 895 rei
972 830 1121 914 exempla
1138 851 1213 896 oum
1235 853 1256 896 a
1278 833 1382 914 serip-

248 933 380 1000 toribus
408 939 480 998 tum
501 951 578 997 vero
599 930 706 996 titudis
729 930 850 996 doricis
872 929 979 995 multa
1001 930 1255 1014 suppeditantur
1275 952 1382 1017 neque

250 1055 293 1100 ea
319 1033 531 1101 Theocritum
563 1031 728 1099 deficiunt.
779 1029 799 1110 ζ
823 1029 988 1096 Graecum
1022 1038 1081 1097 aut
1106 1054 1147 1098 ex
1175 1034 1223 1113 *dl
1254 1041 1313 1100 aut
1342 1055 1382 1099 ox

251 1136 333 1222 gJ·dj
357 1136 555 1216 intermisso,
592 1140 650 1199 aut
680 1154 762 1212 ex]
795 1137 945 1197 exortum
972 1152 1055 1213 esse,
1086 1154 1126 1199 ex
1147 1134 1266 1218 Georg.
1288 1134 1381 1201 Ourt.

252 1237 345 1303 elem.
375 1241 438 1302 564
466 1258 537 1321 sqq.
567 1235 784 1320 perspicitur3
818 1232 966 1318 quamiis
1000 1240 1110 1300 autem
1149 1237 1265 1322 stirpis
1288 1258 1383 1319 prae·

254 1339 356 1404 sentis
393 1340 564 1424 proprium
600 1341 698 1417 esset,
733 1355 978 1419 nonnumquam
1013 1342 1124 1402 tamen
1159 1337 1285 1404 factum
1320 1346 1381 1420 est,

253 1446 290 1505 ut
302 1463 321 1518 J
343 1440 377 1504 iu
400 1442 539 1525 stirpem
567 1437 687 1504 aoristi
716 1443 749 1502 et
778 1436 881 1503 futuri
910 1435 1118 1505 formandum
1145 1440 1382 1508 transferretur

253 1542 367 1624 itaque
396 1542 452 1621 *Jo
480 1541 649 1620 erederet3
680 1538 769 1623 quod
796 1559 871 1604 oum
897 1539 1107 1622 pronuntiari
1131 1559 1196 1606 non
1216 1542 1342 1626 posset,
1365 1543 1379 1628 j

253 1649 331 1710 aute
354 1666 377 1708 o
398 1650 457 1710 aut
478 1644 512 1708 in
532 1644 684 1709 litteram
705 1639 908 1724 gutturalem
929 1642 1025 1725 quasi
1049 1641 1216 1723 obduruit,
1237 1644 1286 1709 ita
1304 1650 1342 1709 ιιι
1363 1642 1383 1725 ξ

253 1746 436 1812 exoriretur
466 1743 637 1830 (et'Gurt.
660 1743 700 1810 el.
723 1741 811 1827 631),
850 1747 950 1822 auty
982 1766 1003 1807 σ
1033 1743 1165 1810 litterae
1194 1745 1382 1830 insequenti

182 1934 185 1937 Ι
254 1853 292 1913 ιιι
317 1847 442 1931 dieunt,
479 1844 702 1912 assimilatum
730 1849 790 1925 est,
823 1843 873 1910 ita
899 1849 937 1910 ιιι
967 1867 1012 1909 oo
1044 1843 1148 1927 fieret,
1181 1845 1223 1912 de
1249 1867 1316 1931 qua
1345 1867 1380 1913 re
1470 1878 1473 1881 ·

255 1948 341 2015 infra
360 1950 513 2036 pluribus
536 1946 772 2032 disputabitur.
816 1944 919 2012 (iuius
941 1947 992 2013 rei
1013 1948 1162 2033 exempla
1182 1947 1381 2016 Theocritus

79 2087 89 2112 ι
157 2124 174 2135 Ν
256 2050 338 2117 haee
359 2052 511 2136 praebet:

338 2151 459 2238 χαρίξῃ
479 2152 518 2232 V,
540 2156 590 2216 71.
614 2148 791 2236 agapito,
813 2156 990 2234 praeterea
1010 2150 1045 2216 in
1066 2151 1167 2218 inser.
1190 2151 1277 2219 Oret.
1300 2152 1335 2220 0.
1350 2151 1379 2220 J.

262 2251 317 2317 Gr.
340 2275 387 2318 nr.
416 2257 499 2319 3068
521 2249 754 2339 χαριξιόμεθα,
776 2248 899 2337 ἑργαξῇ
921 2251 959 2332 Χ,
983 2257 1033 2333 28,
1059 2258 1236 2338 praeterea
1256 2255 1291 2320 in
1312 2257 1380 2322 tab.

261 2352 388 2421 Herael.
409 2355 434 2435 I,
458 2358 496 2422 69
518 2351 723 2439 ἐργάξονται.
752 2392 793 2400 -
823 2350 935 2433 ἔπαιξε
956 2354 1042 2435 XIV,
1065 2359 1121 2434 223
1154 2353 1270 2436 παῖξαι
1294 2357 1383 2422 dori·

260 2476 333 2521 oum
363 2461 499 2521 vocatur
520 2475 541 2520 a
562 2455 749 2542 Phrynicho
777 2476 830 2541 pg.
853 2460 925 2521 240.
950 2494 994 2505 -
1029 2452 1217 2535 sponsusve
1237 2456 1306 2537 XV,
1329 2462 1380 2524 43.

256 2556 449 2637 ἁποκλιιξας
469 2557 538 2638 XV,
562 2562 612 2638 78,
634 2558 676 2622 de
698 2556 813 2637 κλαξῶ
835 2558 900 2623 vid.
924 2555 1027 2621 schol.
1050 2555 1186 2621 Theoor.
1208 2554 1262 2636 VI,
1284 2558 1324 2620 32
1348 2560 1382 2621 et

256 2658 350 2741 Greg.
373 2653 448 2726 Gor.
471 2663 544 2727 327.
570 2655 702 2742 καθίξῃ
723 2659 749 2740 I,
773 2665 822 2725 53.
850 2655 1002 2737 καθέξεις
1024 2656 1061 2738 V,
1085 2661 1123 2722 31
1149 2679 1170 2723 s
1192 2653 1381 2740 ἱζω(ἑὸ-ος).

255 2758 389 2840 καχαξῶ
410 2760 449 2841 V,
474 2764 545 2825 142.
572 2757 652 2839 elga
674 2760 728 2841 VI,
751 2765 801 2828 29.
830 2757 976 2841 ἐξήταξα
997 2758 1082 2839 XIV,
1106 2763 1155 2825 28.
1184 2757 1381 2839 θεσπίξασα

254 2862 322 2942 XV,
346 2867 384 2928 63
408 2884 428 2928 a
452 2861 617 2941 θεσπίζω,
640 2857 793 2939 endingen
815 2861 918 2942 XXII,
943 2866 991 2926 64.
1013 2858 1134 2940 πιᾶξας
1155 2861 1210 2943 IV,
1234 2867 1283 2928 35.

339 2963 358 3041 ζ
388 2984 633 3047 nonnumquam
655 2983 673 3029 e
703 2984 746 3044 yy
777 2963 900 3028 exoriri
928 2983 969 3027 ex
996 2961 1049 3026 his
1075 2962 1288 3046 perspicuum
1315 2968 1382 3028 este

255 3064 430 3145 ὲλυγίχθης
453 3065 478 3146 I,
496 3070 553 3130 191
580 3086 601 3130 a
622 3065 745 3146 λυγίζω
768 3064 792 3146 I,
809 3070 858 3130 90.
880 3061 1034 3146 μελικτάς
1056 3061 1114 3141 ΠΙ,
1130 3066 1172 3127 30
1195 3059 1380 3144 ιάμελίζω;
1412 3040 1419 3164 i

256 3167 415 3251 συρικτάς
436 3166 507 3248 VH,
531 3171 571 3232 28
594 3171 627 3232 et
649 3166 832 3251 συριγκτάς
853 3164 939 3245 VIII,
963 3169 1002 3229 33
1030 3164 1075 3230 sd
1098 3159 1233 3250 συρίζω
1264 3167 1382 3243 ιυκτάς

255 3267 341 3349 VIII,
364 3274 404 3334 29
427 3267 471 3332 ad
498 3264 578 3343 ιύζω
601 3267 788 3352 adponitur,
814 3263 901 3345 κλάξ
926 3264 994 3346 XV,
1017 3270 1057 3331 33
1086 3266 1130 3332 sd
1152 3267 1262 3347 κλάζω
1292 3268 1381 3352 quod

255 3369 362 3435 estin
384 3369 497 3452 glossa
518 3370 744 3455 Hesychiana:
767 3367 1001 3446 κατεκλάζετο.

339 3469 600 3554 Nonnumquam,
621 3477 659 3535 ut
680 3471 713 3536 in
737 3469 880 3535 dialecto
904 3470 1028 3551 dorioa,
1053 3470 1153 3555 stirps
1176 3469 1314 3553 ὅρνιχ-ος
1330 3476 1381 3536 est

254 3592 314 3656 pro
337 3568 493 3659 ὅρνιθ-ος
513 3572 652 3654 vulgari.

673 3807 726 3872 De
755 3808 805 3870 σὸ
830 3825 906 3892 pro·
930 3807 955 3886 ζ.

338 3977 527 4044 Dialeotum
543 3978 690 4043 doricam
706 3976 726 4055 ζ
738 3976 773 4042 in
788 3977 834 4040 σδ
845 3976 1008 4058 dirimere,
1027 3978 1239 4059 grammatici
1253 3984 1378 4044 veteres

253 4078 439 4145 docuerunt
466 4082 504 4142 ut
532 4077 640 4144 Schol.
669 4078 802 4162 Dionys.
833 4076 909 4142 Thr.
938 4082 1009 4160 780,
1036 4083 1075 4146 16
1112 4084 1260 4166 ἔγραφον
1286 4076 1325 4142 td
1356 4099 1379 4139 σ

253 4179 312 4243 καὶ
341 4178 364 4243 d
391 4180 467 4246 doti
499 4185 559 4245 τοῦ
593 4180 621 4261 ζ,
655 4175 759 4268 ὥςπερ
788 4181 846 4244 καὶ
872 4183 931 4245 νῦν
963 4182 1158 4267 εὑρίσκομεν
1186 4176 1277 4267 παραὶ
1308 4187 1378 4255 τοῖς
