3216 5076
752 526 791 587 10

205 712 283 755 num
308 690 394 755 ratio
425 691 588 774 quaedam
617 712 641 754 α
670 690 759 773 longi
790 688 981 755 reservandi
1009 693 1042 753 et
1070 690 1104 753 in
1133 712 1154 766 η
1180 688 1330 753 mutandi

206 798 360 857 constans
382 791 505 874 linguis
526 793 720 876 propinquis
743 791 944 876 comparatis
972 791 1110 856 inveniri
1131 791 1249 874 possit,
1278 791 1329 855 id·

205 893 295 977 quod
324 894 374 958 ita
407 894 564 978 consequi
596 894 677 959 mihi
709 896 831 976 videor,
864 899 901 959 ut
933 894 1168 976 distinguatur,
1200 913 1284 976 quae
1306 914 1329 956 α

204 997 323 1077 longae
356 997 504 1079 exempla
535 1017 574 1061 ex
605 997 719 1080 liugua
752 997 880 1062 Graeca
915 997 995 1078 sola,
1033 1016 1158 1078 quaeve
1192 993 1329 1078 reliquis

205 1098 326 1179 linguis
350 1097 510 1162 adhibitis
533 1098 691 1181 explicari
712 1101 852 1183 possint.

291 1199 460 1264 Dialectus
482 1199 599 1266 dorica
619 1224 642 1265 α
663 1200 798 1283 longum
819 1200 966 1286 praebet,
993 1201 1051 1265 ubi
1072 1200 1108 1264 id
1130 1219 1169 1263 ex
1191 1221 1215 1263 α
1238 1198 1330 1265 brevi

207 1307 354 1366 exortum
378 1323 451 1366 esse
473 1302 586 1384 lingua
608 1302 737 1368 Graeca
759 1304 833 1385 ipsa
856 1303 1068 1367 demonstrat.
1112 1299 1242 1385 Optime
1266 1299 1329 1365 hoc

206 1409 345 1486 apparet
364 1403 398 1467 in
413 1404 598 1485 augmentis
608 1425 699 1486 -quae
715 1405 869 1469 dicuntur
883 1402 1130 1487 temporalibus
1152 1403 1330 1468 verborum

206 1526 346 1589 quorum
376 1507 479 1590 stirps
507 1507 691 1587 praesentis
714 1529 738 1570 α
760 1506 851 1573 brevi
874 1507 948 1586 init3
982 1504 1160 1570 dialectum
1183 1504 1330 1571 doricam

155 1610 158 1621 '
206 1615 277 1672 tum
300 1628 429 1691 semper
451 1629 474 1671 α
496 1607 629 1690 longum
650 1629 711 1692 pro
733 1634 755 1687 η
776 1607 904 1690 vulgari
919 1607 1084 1685 exhibere,
1107 1628 1147 1671 ex
1162 1606 1239 1671 Ahr.
1256 1605 1330 1671 d.d.

208 1712 267 1774 129
289 1709 500 1792 perspicuum
531 1716 589 1774 est.
632 1709 738 1787 Quam
766 1708 927 1774 rationem
951 1707 1144 1773 Theocritus
1174 1708 1226 1772 his
1248 1707 1329 1772 locis

165 1832 182 1896 χ
207 1818 338 1876 secutus
362 1814 426 1875 est:
449 1806 554 1899 ἅφθη
569 1811 610 1892 II,
625 1815 674 1877 25.
697 1806 804 1893 ἄγαγε
819 1810 860 1891 II,
877 1814 1008 1876 64101.
1032 1810 1089 1892 ΠΙ,
1101 1815 1151 1876 46.
1174 1809 1330 1890 ἐξάλλαξε

205 1913 261 1993 ΙΠ,
285 1918 335 1977 84.
358 1909 460 1977 doato
481 1913 522 1994 II,
546 1917 596 1978 91.
620 1907 720 1977 doaso
741 1912 798 1992 III,
822 1916 872 1976 40.
899 1905 1008 1975 ottavo
1029 1911 1086 1993 III,
1109 1917 1160 1977 41.
1189 1906 1250 1994 ἆγε
1273 1912 1330 1988 ΠΙ,

207 2018 257 2080 42.
281 2015 435 2079 αναϋσαν
456 2013 510 2093 IV,
534 2019 582 2078 37.
605 2011 711 2092 ἔταξα
733 2013 787 2092 IV,
812 2019 861 2078 28.
884 2007 1001 2094 ἄλγεες
1023 2013 1060 2091 V,
1080 2017 1130 2078 41.
1153 2013 1330 2096 ἀννσαμαν

167 2129 172 2141 ’
205 2115 243 2197 V,
269 2120 337 2181 144.
376 2117 567 2196 σννάγαγον
596 2116 649 2197 VI,
677 2120 704 2178 2.
743 2109 847 2180 donce
875 2114 945 2196 VII,
973 2120 1001 2178 6.
1038 2110 1157 2197 ἄννμες
1179 2115 1248 2196 VII,
1282 2121 1330 2181 10.

206 2211 314 2299 ἄγαγε
330 2217 400 2299 VII,
416 2222 466 2281 92.
488 2212 598 2282 ἄειδον
619 2216 689 2298 VH,
715 2222 784 2283 140.
806 2216 963 2302 ἀμείβετο
977 2215 1064 2298 VIII,
1080 2222 1109 2283 8.
1131 2213 1222 2282 ἄειδε
1243 2217 1331 2297 VIII,

143 2323 149 2347 ‘
206 2323 256 2385 29.
280 2317 395 2406 tecm
418 2318 505 2398 VIII,
529 2324 579 2385 65.
607 2315 708 2386 ἄεισα
730 2320 785 2400 IX,
809 2323 858 2384 29.
888 2311 968 2400 ἆγες
989 2318 1027 2399 Χ,
1051 2323 1079 2384 2.
1107 2321 1202 2400 ὃιοῖγε
1224 2318 1279 2399 XI,
1302 2325 1330 2383 7.

207 2425 256 2485 77.
279 2420 395 2503 αἱγεῖτο
417 2420 472 2501 XI,
499 2426 546 2485 11.
570 2417 660 2486 ἄειδε
682 2422 736 2502 XI,
762 2426 811 2487 l7.
834 2417 940 2484 ἄϋσεν
961 2420 1048 2500 XIII,
1073 2427 1122 2486 55.
1145 2415 1229 2501 ἆγον
1243 2418 1330 2500 ΧΙΠ,

152 2516 158 2539 '
207 2526 257 2602 67,
279 2527 425 2609 ἐφαοτεν
447 2521 532 2601 XIV,
556 2527 604 2586 23.
627 2516 712 2604 ἆγον
733 2523 816 2587 XIV.
839 2527 889 2586 42.
911 2517 1022 2586 ἄειδον
1043 2519 1120 2601 XV,
1137 2525 1205 2584 103.
1227 2515 1331 2585 ἄϋσεν

157 2646 163 2677 ⁸
205 2623 291 2704 XIX,
307 2629 356 2690 23.
379 2621 508 2705 ἄγαγον
523 2623 607 2704 XXI,
623 2629 656 2705 2;
678 2626 788 2690 rarius
811 2624 975 2689 rationem
989 2624 1160 2706 vulgarem
1182 2622 1331 2705 sequitur

206 2728 256 2789 ut:
289 2714 463 2803 ἠγνοίησεν
490 2724 544 2805 VI,
569 2730 618 2789 14.
646 2726 822 2804 συνήντετο
849 2725 936 2808 VIII,
961 2731 988 2790 1.
1018 2724 1163 2808 ἠγάγετο
1188 2724 1257 2805 XV,
1280 2728 1331 2789 64.

156 2845 163 2877 r
205 2826 348 2910 ᾐωρεῖτο
372 2825 440 2907 XX,
462 2830 511 2891 51.
534 2830 720 2911 ὲφημμένον
741 2827 809 2909 XX,
833 2832 882 2893 52.

111 2936 158 2999 ee
291 2928 417 2994 Deinde
424 2922 457 3029 ᾔ
471 2928 604 3011 longum
619 2935 758 3011 apparet
777 2929 812 2992 in
826 2929 936 2996 verbis
951 2928 1134 3011 flectendis,
1156 2928 1214 2995 ubi
1231 2929 1331 3012 stirps
1411 2962 1414 2969 ·

206 3030 351 3096 verbalis
375 3053 398 3095 α
419 3030 519 3097 breve
547 3029 679 3096 exhibet
705 3034 738 3094 et
760 3052 783 3093 α
809 3030 943 3113 longum
969 3031 1232 3116 reduplicatione
1260 3032 1332 3096 soni

207 3132 350 3214 quadam
374 3139 521 3199 exortum
535 3138 603 3197 est.
646 3131 743 3217 Apud
763 3130 974 3197 Theocritum
996 3135 1097 3216 igitur
1119 3132 1182 3198 hae
1205 3132 1331 3198 formae

166 3289 178 3306 ,
206 3233 373 3315 leguntur3
404 3256 425 3298 a
446 3234 507 3319 φα,
529 3234 659 3319 poi-oce.
683 3236 775 3320 φὰμί
801 3232 856 3313 IV,
879 3237 929 3299 26.
957 3234 1094 3317 11111,7.
1125 3236 1213 3322 φατέ
1232 3233 1257 3314 Ι,
1281 3238 1330 3299 50.

207 3339 322 3422 φοι-σο
350 3334 404 3415 xi,
433 3339 482 3398 59.
510 3336 628 3422 ο-φσο
653 3334 695 3415 Π,
728 3339 797 3401 129.
830 3337 912 3421 ε-φσ
934 3334 959 3415 1,
983 3339 1032 3401 τε.
1062 3339 1113 3423 φα
1141 3335 1331 3416 xlx,1or.,

172 3466 184 3501 τ
207 3436 266 3501 sed
287 3435 455 3524 ὑποφῆται
477 3436 577 3516 XVII,
603 3441 641 3501 15
665 3442 698 3502 et
720 3436 890 3523 ὑποφήτης
911 3437 982 3518 XX,
1007 3442 1076 3503 116.
1099 3442 1199 3524 pcipe
1222 3442 1332 3503 autem

206 3538 277 3617 VII,
299 3544 349 3604 92.
378 3576 418 3586 —-
445 3561 465 3603 a
493 3538 595 3623 stirpe
623 3537 690 3601 στα
718 3537 752 3601 in
778 3536 933 3605 ἱστα-ναι
962 3539 1175 3605 *σττστα-ναι
1205 3560 1330 3605 sanscr.

205 3637 369 3723 tisthdmi
397 3643 529 3705 στῖι-σῶ
555 3639 593 3720 V,
625 3643 673 3704 53.
709 3643 836 3724 oroi-027
866 3641 891 3721 I,
919 3646 989 3705 100.
1018 3642 1159 3706 cios-ord
1186 3641 1253 3721 XV,
1281 3646 1330 3705 53.

165 3742 175 3785 t
207 3742 355 3803 ἔ-στᾶ-σε
378 3742 478 3823 epigr.
500 3740 554 3822 VI,
578 3745 605 3804 5.
628 3738 825 3805 ὲ-στα-σατο
848 3742 891 3806 id.
913 3742 983 3822 VII,
1008 3746 1078 3807 149.
1110 3745 1330 3807 ἐ·στο“τ·σαντο

206 3839 323 3920 XVIII,
346 3844 394 3905 63.
428 3841 637 3907 ἑ-στοῗ-ααντι
663 3842 732 3923 XV,
755 3848 836 3924 182,
866 3842 924 3909 sed
952 3844 1208 3922 δεαστὴ-σατντο
1229 3843 1330 3925 XVII,

127 3978 131 3983 ·
207 3946 258 4008 97.
282 3962 365 4005 -a
389 3942 779 4030 ε1ίτροβαίηβα-ί-νω
803 3946 885 4029 ἔβαν
913 3942 951 4025 V,
975 3949 1004 4008 9.
1036 3944 1097 4026 ἔβα
1120 3945 1145 4026 I,
1170 3951 1238 4012 127.
1261 3946 1330 4028 XV,

165 4056 183 4121 ν
208 4047 258 4108 35.
281 4047 333 4107 sa
354 4048 403 4108 ετ.
437 4043 562 4128 οσανν
587 4046 626 4125 x,
649 4051 679 4110 s.
705 4050 752 4110 io.
785 4048 892 4131 βαμες
918 4045 986 4126 xv,
1009 4049 1059 4109 22.
1092 4036 1263 4130 βασεῦμοι
1288 4047 1330 4128 Π,

208 4150 236 4210 8.
268 4144 323 4226 IV,
345 4148 395 4210 26.
429 4144 513 4225 XIV,
537 4150 586 4210 56.
618 4145 756 4229 βεβακει
785 4149 869 4229 XIV,
899 4153 949 4214 43.
982 4148 1138 4232 depexos
1167 4150 1251 4231 XIV,
1280 4154 1329 4215 65.

162 4320 181 4403 1
