3216 5076
584 862 602 946 6
625 866 654 925 3.
698 861 748 928 De
778 859 1055 928 consonantibus.

648 1053 669 1093 τ
690 1053 762 1115 pro
784 1031 993 1116 evulgari.
1068 1008 1072 1013 ⁴

342 1201 381 1266 Iu
407 1200 548 1267 dialecto
578 1202 695 1267 dorica
728 1222 826 1287 coepe
856 1226 877 1266 τ
909 1225 969 1288 pro
1002 1226 1026 1267 ο
1054 1204 1183 1287 nugari
1209 1202 1285 1283 legi,
1311 1203 1409 1287 jam,

258 1303 464 1388 grammatici
485 1303 668 1369 docuerunt
690 1324 796 1387 neque
811 1306 959 1388 exemplu
981 1327 1021 1371 ex
1040 1307 1211 1372 autoribus
1233 1304 1382 1370 titulicve

259 1411 370 1472 sumta
393 1403 557 1471 deficiunt.
602 1405 667 1471 Res
691 1413 801 1473 autem
830 1407 878 1472 ita
901 1407 1068 1490 sehabet,
1101 1413 1139 1473 ut
1159 1429 1180 1469 τ
1203 1406 1248 1471 sit
1268 1406 1382 1473 littera

258 1508 400 1592 duplicis
437 1514 586 1588 naturae,
623 1528 708 1592 quae
745 1529 765 1574 a
798 1507 1016 1574 Doriensibus
1049 1513 1189 1589 servato,
1227 1508 1270 1574 ab
1306 1508 1381 1575 aliis
1480 1506 1483 1513 ’

258 1615 367 1676 eutem
388 1607 525 1674 Graecis
547 1609 583 1672 iu
605 1630 627 1671 σ
648 1609 776 1676 mollito
800 1617 860 1675 est.
904 1610 1098 1677 Theocritus
1120 1629 1282 1677 veronen
1304 1628 1381 1676 raro

257 1736 278 1776 τ
299 1733 360 1795 pro
383 1734 405 1775 σ
427 1710 580 1794 praebet:

342 1812 386 1877 Et
406 1811 548 1896 primum
571 1811 714 1896 quidem,
735 1839 756 1879 τ
778 1820 916 1898 apparet
937 1813 972 1878 in
993 1814 1094 1905 tentio
1107 1833 1250 1901 persono
1272 1812 1383 1896 singu·

255 1916 337 1981 laris
359 1913 531 1979 indicativi
554 1915 654 1980 activi
675 1915 852 1981 verborum
873 1917 907 1981 iu
928 1920 979 1997 μῒ,
1001 1937 1104 2001 φοι-τι
1126 1916 1151 1998 Ι,
1174 1920 1224 1981 50.
1247 1915 1382 1993 τίθη-τι

257 2017 311 2097 IV,
334 2021 364 2080 4.
400 2014 548 2102 ὑφίηυτις
585 2039 618 2080 τι
649 2016 682 2079 in
716 2017 870 2083 universa
904 2018 1092 2084 Graecitate
1130 2022 1181 2083 est
1216 2017 1251 2081 iu
1286 2021 1382 2098 ὲσ-τι,

258 2116 419 2183 conserite
441 2117 532 2196 nus-ti,
560 2116 661 2182 latine
684 2122 759 2198 est,
789 2119 896 2201 gotice
918 2119 987 2201 ie-t,
1019 2120 1058 2186 cf.
1082 2120 1184 2205 Bopp.
1207 2139 1255 2202 gr.
1278 2139 1381 2204 comp.

257 2220 370 2306 §458
408 2215 571 2284 Schleioh.
596 2217 694 2304 de.²
717 2224 787 2285 678.
1233 2230 1238 2239 ’

280 2324 282 2328 ’
342 2321 377 2406 2)
399 2319 437 2384 In
459 2318 560 2385 tertia
581 2341 725 2404 persone
738 2322 878 2407 pluralis
894 2322 1067 2388 indicativi
1081 2322 1266 2405 praesentis
1282 2322 1383 2389 activi

258 2423 402 2488 omnium
424 2423 599 2489 verborum
616 2408 697 2505 To'v'o,
727 2425 816 2508 quod
837 2424 951 2506 lingua
972 2425 1117 2507 vulgaris
1140 2425 1174 2488 in
1191 2416 1247 2489 ῗιῖι
1277 2425 1384 2490 vocali

257 2525 475 2608 praecedente
502 2525 665 2609 producta.
693 2527 840 2591 mutavit.
886 2524 1047 2591 Suffixum
1074 2533 1124 2592 est
1152 2527 1259 2606 *antu
1289 2547 1383 2592 eane-

258 2626 341 2691 crite
363 2626 473 2707 eunti,
495 2627 597 2693 latine
619 2627 704 2713 nid),
727 2629 837 2710 gotice
858 2628 913 2708 nd,
936 2627 977 2692 cf.
993 2624 1163 2694 ‘Schleieh.
1188 2627 1287 2712 Opd.²
1310 2632 1381 2694 684.

256 2725 453 2810 μοχθίζοντι
468 2728 492 2807 I,
510 2733 559 2792 37.
584 2728 757 2806 ολθήκοιντι
779 2733 829 2793 42.
852 2735 1026 2817 τρομέοντι
1048 2730 1089 2811 11,
1107 2734 1155 2794 12.
1179 2732 1316 2810 σιγῶντι
1331 2734 1381 2794 33.

258 2851 379 2914 φοι-οτι
402 2834 453 2896 46.
470 2829 523 2910 VI,
533 2834 562 2896 8.
584 2831 748 2895 ποθοῦντι
767 2830 821 2912 IV,
840 2835 888 2896 12.
909 2832 1089 2916 βομβεῦντι
1111 2836 1161 2896 46.
1183 2832 1381 2913 λαλνγεῦντι

257 2934 307 2996 48.
338 2926 470 2997 ὅσὸοντι
493 2938 542 2997 52.
573 2932 719 3020 φιλοῦντι
741 2936 791 2996 80.
824 2935 931 3010 &conc
955 2938 1005 2998 84.
1028 2936 1189 3000 6ντ1109.
1212 2932 1381 3020 ῥαγίζοντι

259 3037 328 3098 113.
366 3033 471 3100 i‘donrc
495 3040 564 3100 128.
602 3040 756 3100 νιντέοντι
781 3037 850 3099 129.
889 3036 1018 3116 λέγοντι
1044 3035 1098 3116 VI,
1129 3040 1178 3099 34.
1214 3036 1381 3114 ήλοιίνοντι

257 3133 326 3214 VII,
350 3138 400 3199 23.
424 3137 532 3222 φαντί
550 3139 600 3201 27.
625 3136 771 3202 τελοῦντι
792 3141 842 3202 32.
864 3137 993 3218 λέγοντι
1016 3141 1065 3201 32.
1095 3141 1307 3222 οτορεσεῦντι
1331 3141 1380 3202 57.

257 3234 455 3313 adiunctiora
479 3241 527 3301 70.
551 3237 670 3322 φύοντι
694 3244 743 3303 74.
766 3243 874 3326 φαντί·
895 3244 964 3306 120.
995 3239 1197 3324 ἀριθμοῦντι
1220 3239 1306 3319 VIII,
1331 3242 1379 3304 16.

256 3340 370 3416 tinniunt
395 3342 464 3402 173.
493 3337 646 3402 καλέοντι
667 3339 706 3419 Χ,
730 3345 779 3403 26.
807 3344 880 3405 ἐντί
898 3340 954 3421 XI,
977 3344 1027 3405 44.
1051 3345 1101 3405 49.
1129 3340 1306 3420 κιχλίζοντι
1330 3345 1379 3404 75.

256 3439 450 3505 cuventona
472 3439 562 3520 XIII,
591 3444 641 3504 22.
685 3440 845 3524 βόσκοντι
876 3446 927 3506 23.
971 3440 1151 3508 ἐνθλνοντι
1178 3448 1228 3510 28.
1272 3445 1381 3528 ῥέοντι

256 3542 340 3621 XIV,
357 3547 406 3608 38.
429 3544 537 3630 φαντί
555 3540 624 3622 XV,
639 3546 689 3607 28.
712 3544 902 3620 dordunum,
918 3543 1094 3609 ἑνδινεῦντι
1109 3550 1159 3610 82.
1183 3545 1330 3610 νλείὸοντι
1350 3549 1379 3608 3.

255 3644 408 3723 μίμνοντι
443 3650 490 3708 11.
535 3643 706 3709 σπεύδοντι
739 3649 787 3709 15.
832 3648 999 3731 ἐρρίγοντι
1034 3651 1083 3712 77.
1127 3647 1275 3732 φιλέοντι
1309 3651 1379 3710 101.

255 3743 389 3825 μέλοντι
402 3743 503 3825 XVII,
520 3751 568 3810 73.
597 3740 744 3812 cc'cldovu
767 3750 837 3811 115.
860 3746 1057 3829 enucleante
1078 3745 1164 3828 XIX,
1180 3752 1230 3813 29.
1253 3753 1379 3813 νοέοντι

257 3850 307 3911 68.
344 3843 528 3928 οφάλλοντι
558 3852 627 3914 112.
663 3886 706 3898 -
741 3846 862 3911 Forma
890 3845 1036 3929 vulgaris
1067 3853 1122 3911 -σΐ
1143 3850 1247 3915 multo
1270 3849 1379 3914 rarius

257 3947 346 4033 apud
367 3945 578 4011 Theocritum
598 3950 720 4032 legitur
741 3948 842 4015 velut:
865 3949 1039 4014 νεικείοοσι
1060 3948 1085 4029 1,
1109 3954 1158 4015 34.
1191 3951 1379 4037 (ciconiae)

256 4050 343 4131 VIII,
366 4053 417 4116 45.
439 4046 567 4128 caduco,
589 4048 668 4114 ibid.
690 4053 842 4133 μαθοῦσι
862 4051 918 4132 IX,
941 4054 991 4115 36.
1024 4049 1232 4134 γηράσκουσι
1254 4050 1325 4131 ΧΠ,
1349 4055 1377 4115 2.

256 4151 479 4238 ἐριδμνιίνονσι
502 4154 551 4219 31.
577 4152 710 4217 ναίουσι
731 4152 817 4238 XVI,
833 4159 861 4217 5.
893 4153 985 4221 ἴασιν
1007 4156 1035 4216 8.
1064 4149 1311 4233 ἀμνλδύνοοσιν
1327 4157 1378 4220 59.

362 4634 1132 5032 sin
1549 4968 1571 5032 .
